@ARTICLE{Heinzelman2002,
author={Heinzelman, W.B. and Chandrakasan, A.P. and Balakrishnan, H.},
journal={{IEEE} Transactions on Wireless Communications}, 
title={An application-specific protocol architecture for wireless microsensor networks},
year={2002},
month=oct,
volume={1},
number={4},
pages={ 660 - 670},
keywords={ LEACH; application-perceived quality; application-specific data aggregation; application-specific protocol architecture; cluster head positions rotation; distributed cluster formation; distributed signal processing; energy-efficient cluster-based routing; energy-efficient media access; general-purpose multihopping; latency; low-energy adaptive clustering hierarchy; media access control protocols; microsensor networks; microsensor nodes; network performance; protocol architecture; remote environment monitoring; routing protocols; self-organization; system lifetime; wireless channel; wireless communication protocols; wireless microsensor networks; access protocols; adaptive systems; distributed processing; electric sensing devices; radio networks; telecommunication network routing;},
doi={10.1109/TWC.2002.804190},
ISSN={1536-1276}
}

@BOOK{Rappaport1996,
  title = {Wireless Communications: Principles \& Practice},
  publisher = {Prentice Hall},
  year = {1996},
  author = {Theodore S. Rappaport},
  owner = {hugo},
  timestamp = {2011.01.26}
}


@ARTICLE{Santi05a,
 author = {Santi, Paolo},
 title = {Topology control in wireless ad hoc and sensor networks},
 journal = {ACM Comput. Surv.},
 volume = {37},
 number = {2},
 year = {2005},
 issn = {0360-0300},
 pages = {164--194},
 doi = {http://doi.acm.org/10.1145/1089733.1089736},
 publisher = {ACM},
 address = {New York, NY, USA}
}

@BOOK{Labrador2009,
  title = {Topology Control in Wireless Sensor Networks},
  publisher = {Springer},
  year = {2009},
  author = {Miguel A. Labrador and Pedro M. Wightman},
  owner = {hugo},
  timestamp = {2011.01.26}
}


@INPROCEEDINGS{blough2005,
  author = {Blough, Douglas M. and Leoncini, Mauro and Resta, Giovanni and Santi, Paolo},
  title = {Topology control with better radio models: implications for energy and multi-hop interference},
  booktitle = {MSWiM '05},
  year = {2005},
  pages = {260--268},
  address = {New York, NY, USA},
  publisher = {ACM},
  doi = {http://doi.acm.org/10.1145/1089444.1089491},
  isbn = {1-59593-188-0},
  location = {Montr\'{e}al, Quebec, Canada}
}

@INPROCEEDINGS{Assis09,
  author = {Assis, Fl\'{a}vio and {Telemaco Neto}, Ulisses},
  title = {A Topology Control Algorithm for Wireless Sensor Networks that considers Overhearing},
  booktitle = {ISADS},
  year = {2009},
  pages = {1--6},
  address = {Athens, Greek},
  doi = {http://dx.doi.org/10.1109/ISADS.2009.5207357}
}

@MASTERSTHESIS{Telemaco2009,
  author = {Ulisses Telemaco},
  title = {Topology control algorithm for wireless sensor networks that considers overhearing},
  school = {Federal University of Bahia},
  year = {2009},
  note = {in Portuguese}
}

@INPROCEEDINGS{Braem07,
  author = {Braem, Bart and Latr\'{e}, Benoit and Moerman, Ingrid and Blondia, Chris and Reusens, Elisabeth and Joseph, Wout and Martens, Luc and Demeester, Piet},
  title = {The Need for Cooperation and Relaying in Short-Range High Path Loss Sensor Networks},
  booktitle = {SENSORCOMM},
  year = {2007},
  pages = {566-571},
  address = {Washington, USA},
  doi = {http://dx.doi.org/10.1109/SENSORCOMM.2007.95},
  isbn = {0-7695-2988-7}
}

@MANUAL{CC2420,
  organization={Chipcon},	
title = {Chipcon {CC2420} datasheet},
year = {2007},
url = {http://www.ti.com/lit/gpn/cc2420}
}

@MANUAL{CC2530,
  organization={Chipcon},	
  title = {Chipcon {CC2530} datasheet},
  year = {2009},
  url = {http://www.ti.com/lit/gpn/cc2530}
}

@MANUAL{RF230,
  organization={Atmel},
  title = {Atmel {RF230} datasheet},
  month = Apr,
  year = {2009},
  url = {http://www.ti.com/lit/gpn/cc2530},
  timestamp = {2011.01.26}
}

@inproceedings{Li05,
    author = {Li, Xiang-Yang and Moaveni-Nejad, K. and Song, Wen-Zhan and Wang, Wei-Zhao},
    day = {12},
    booktitle = {SECON},
    month = {December},
    pages = {263--274},
    priority = {2},
    title = {Interference-aware topology control for wireless sensor networks},
    year = {2005}
}

@inproceedings{burkhart2004,
 author = {Burkhart, Martin and von Rickenbach, Pascal and Wattenhofer, Roger and Zollinger, Aaron},
 title = {Does topology control reduce interference?},
 booktitle = {MobiHoc},
 year = {2004},
 isbn = {1-58113-849-0},
 location = {Roppongi Hills, Tokyo, Japan},
 pages = {9--19},
 numpages = {11},
 acmid = {989462},
 address = {New York, NY, USA}
}

@INPROCEEDINGS{johansson2005,
  author = {Johansson, Tomas and Carr-Moty\v{c}kov\'{a}, Lenka},
  title = {Reducing interference in ad hoc networks through topology control},
  booktitle = {DIALM-POMC},
  year = {2005},
  pages = {17--23},
  address = {New York, USA},
  doi = {http://doi.acm.org/10.1145/1080810.1080815},
  isbn = {1-59593-092-2},
  location = {Cologne, Germany}
}

@article{Moaveni-nejad05,
    author = {Kousha Moaveni-nejad and Xiang-yang Li},
    title = {Low-Interference Topology Control for Wireless Ad Hoc Networks},
    journal = {Ad Hoc \& Sensor Wireless Networks},
    volume=1,
    number=1,
    year = {2005},
    publisher = {IEEE Press}
}

@INPROCEEDINGS{Banner2O08,
  author = {Ron Banner and Ariel Orda},
  title = {Multi-Objective Topology Control in Wireless Networks},
  booktitle = {INFOCOM},
  year = {2008},
  pages = {448-456},
  bibsource = {DBLP, http://dblp.uni-trier.de},
  ee = {http://dx.doi.org/10.1109/INFOCOM.2008.92}
}

@inproceedings{rickenbach2005,
 author = {Rickenbach, Pascal von and Schmid, Stefan and Wattenhofer, Roger and Zollinger, Aaron},
 title = {A Robust Interference Model for Wireless Ad-Hoc Networks},
 booktitle = {WMAN},
 year = {2005},
 address = {Denver, Colorado, USA},
}

@MASTERSTHESIS{Burkhart03,
  author = {Martin Burkhart},
  title = {Analysis of interference in ad hoc networks},
  school = {Swiss Federal Institute of Technology Zurich},
  year = {2003},
  howpublished = {\url{http://www.dcg.ethz.ch/theses.html}},
  owner = {hugo},
  timestamp = {2010.11.10}
}

@INPROCEEDINGS{damian2008,
  author = {Damian, Mirela and Javali, Nagesh},
  title = {Distributed construction of bounded-degree low-interference spanners of low weight},
  booktitle = {MobiHoc},
  year = {2008},
  pages = {101--110},
  address = {New York, NY, USA},
  doi = {http://doi.acm.org/10.1145/1374618.1374633},
  isbn = {978-1-60558-073-9},
  location = {Hong Kong, Hong Kong, China}
}

@INPROCEEDINGS{fussen2005,
  author = {Martin Fussen and Roger Wattenhofer and Aaron Zollinger},
  title = {Interference Arises at the Receiver},
  booktitle = {WIRELESSCOM},
  year = {2005},
  volume={1},
  pages={ 427--432}, 
}

@INPROCEEDINGS{moscibroda2005,
  author = {Thomas Moscibroda and Roger Wattenhofer},
  title = {Minimizing interference in ad hoc and sensor networks},
  booktitle = {DIALM-POMC},
  year = {2005},
  location = {Cologne, Germany},
  pages = {24-33},
  bibsource = {DBLP, http://dblp.uni-trier.de},
  ee = {http://doi.acm.org/10.1145/1080810.1080816}
}

@INPROCEEDINGS{Liu2008,
  author = {Yongzhen Liu and Xinming Zhang and Qiong Liu and Shifang Dai},
  title = {A Hybrid Interference Model-Based Topology Control Algorithm},
  booktitle = {NCM},
  year = {2008},
  volume = {1},
  pages = {42-46},
  bibsource = {DBLP, http://dblp.uni-trier.de},
  ee = {http://doi.ieeecomputersociety.org/10.1109/NCM.2008.27}
}

@ARTICLE{Wu2008,
  author = {Kun-da Wu and Wanjiun Liao},
  title = {Revisiting Topology Control for Multi-Hop Wireless Ad Hoc Networks},
  journal = {IEEE Transactions on Wireless Communications},
  year = {2008},
  volume = {7},
  pages = {3498-3506},
  number = {9},
  bibsource = {DBLP, http://dblp.uni-trier.de},
  ee = {http://dx.doi.org/10.1109/TWC.2008.070292}
}

@INPROCEEDINGS{Gao2008,
  author = {Yan Gao and Jennifer C. Hou and Hoang Nguyen},
  title = {Topology Control for Maintaining Network Connectivity and Maximizing Network Capacity under the Physical Model},
  booktitle = {INFOCOM},
  year = {2008},
  pages = {1013-1021},
  bibsource = {DBLP, http://dblp.uni-trier.de},
  ee = {http://dx.doi.org/10.1109/INFOCOM.2008.155}
}

@INPROCEEDINGS{Wattenhofer2004,
  author = {Roger Wattenhofer and Aaron Zollinger},
  title = {{XTC}: A Practical Topology Control Algorithm for Ad-Hoc Networks},
  booktitle = {IPDPS},
  year = {2004}
}

@ARTICLE{Gabriel1969,
  author = {Gabriel, Ruben K. and Sokal, Robert R.},
  title = {A New Statistical Approach to Geographic Variation Analysis},
  journal = {Systematic Zoology},
  year = {1969},
  volume = {18},
  pages = {259--278},
  number = {3},
  month = {September},
  keywords = {gabriel, graph},
  posted-at = {2009-01-30 15:17:32},
  priority = {0}
}

@ARTICLE{Toussaint1980,
    author = {Godfried T. Toussaint},
    title = {The Relative Neighbourhood Graph of a Finite Planar Set},
    journal = {Pattern Recognition},
    year = {1980},
    volume = {12},
    pages = {261--268},
    timestamp = {2011.01.26}
}

@article{Misra2010,
  author = {Misra, Sudip and Mohanta, Debashish},
  title = {Adaptive listen for energy-efficient medium access control in wireless sensor networks},
  year = {2010},
  volume = {47},
  number = {1},
  pages = {121-145},
  journal = {Multimed Tools Appl}
}

@inproceedings{Polastre2004,
 author = {Polastre, Joseph and Hill, Jason and Culler, David},
 title = {Versatile low power media access for wireless sensor networks},
 booktitle = {SenSys'04},
 year = {2004},
 isbn = {1-58113-879-2},
 location = {Baltimore, MD, USA},
 pages = {95--107},
 numpages = {13},
 publisher = {ACM},
 address = {New York, NY, USA}
}

@inproceedings{Hoiydi2004,
    author = {El-Hoiydi, A. and Decotignie, J. D.},
    booktitle = {ISCC'04},
    pages = {244--251},
    posted-at = {2007-02-16 13:21:42},
    title = {WiseMAC: an ultra low power MAC protocol for the downlink of infrastructure wireless sensor networks},
    volume = {1},
    year = {2004}
}

@INPROCEEDINGS{Buettner2006,
  author = {Buettner, Michael and Yee, Gary V. and Anderson, Eric and Han, Richard},
  title = {X-MAC: a short preamble MAC protocol for duty-cycled wireless sensor networks},
  booktitle = {SenSys'06},
  year = {2006},
  pages = {307--320},
  address = {New York, NY, USA},
  publisher = {ACM},
  location = {Boulder, Colorado, USA}
}

@INPROCEEDINGS{Zhang2009,
  author = {Zhang, Xi and Ansari, Junaid and Mahonen, Petri},
  title = {Traffic aware medium access control protocol for wireless sensor networks},
  year = {2009},
  pages = {140-148},
  address = {Tenerife, Spain},
  booktitle = {MobiWac}
}

@INPROCEEDINGS{Ansari2010,
  author = {Ansari, Junaid and Ang, Tobias and Mahonen, Petri},
  title = {Spectrum agile medium access control protocol for wireless sensor networks},
  year = {2010},
  pages={1-9},
  address = {Boston, MA, USA},
  booktitle = {SECON},
}

@misc{Society2006,
    author = {{IEEE}},
    organization = {IEEE Computer Society},
    title = {{IEEE} {S}td 802.15.4 - Part 15.4: Wireless Medium Access Control (MAC) and Physical Layer (PHY) Specifications for Low-Rate Wirelees Personal Area Networks},
    year = {2006}
}

@ARTICLE{Sheu2008,
  author = {Sheu, Jang-Ping and Tu, Shin-Chih and Hsu, Chi-Hung},
  title = {Location-free topology control protocol in wireless ad hoc networks},
  journal = {Comput. Commun.},
  year = {2008},
  volume = {31},
  pages = {3410--3419},
  number = {14},
  address = {Newton, MA, USA},
  publisher = {Butterworth-Heinemann},
}

@article{ZhangY2008,
 author = {Zhang, Yuanyuan and Gu, Dawu and Li, Juanru},
 title = {Exploiting unidirectional links for key establishment protocols in heterogeneous sensor networks},
 journal = {Comput. Commun.},
 volume = {31},
 issue = {13},
 year = {2008},
 issn = {0140-3664},
 pages = {2959--2971},
 numpages = {13},
 publisher = {Butterworth-Heinemann},
 address = {Newton, MA, USA}
}

@INPROCEEDINGS{Wu-X2006,
  author = {Wu, Xiuchao and Ananda, A. L. and Chan, Mun Choon},
  title = {PMC: An Energy Efficient Event Transport Service For Wireless Sensor Network},
  booktitle = {ICC},
  year = {2006},
  volume={1},
  pages = {355--360},
  address = {Istanbul, TK}
}

@BOOK{Santi2005c,
  author = {Santi, Paolo},
  title = {Topology Control in Wireless Ad Hoc and Sensor Networks},
  publisher = {Wiley},
  year = {2005}
}

@ARTICLE{Li2005,
  author = {Li Li and Joseph Y. Halpern and Paramvir Bahl and Yi-Min Wang and Roger Wattenhofer},
  title = {A cone-based distributed topology-control algorithm for wireless multi-hop networks},
  journal = {IEEE/ACM Trans. Netw.},
  year = {2005},
  volume = {13},
  pages = {147-159},
  number = {1},
  publisher = {IEEE Press},
  bibsource = {DBLP, http://dblp.uni-trier.de},
  ee = {http://portal.acm.org/citation.cfm?id=1056408.1056421}
}

@INPROCEEDINGS{Santi2003,
  author = {Blough, Douglas M. and Leoncini, Mauro and Resta, Giovanni and Santi, Paolo},
  title = {The K-Neigh Protocol for Symmetric Topology Control in Ad Hoc Networks},
  booktitle = {MobiHoc},
  year = {2003},
  pages = {141--152},
  address = {New York, NY, USA},
  location = {Annapolis, Maryland, USA}
}

@techreport{deng02,
  author = {Jing Deng and Richard Han and Shivakant Mishra},
  title = {INSENS: Intrusion-Tolerant Routing for Wireless Sensor Networks},
  institution={University of Colorado, Department of Computer Science},
  number={Technical Report CU-CS-939-02},
  year=2002
  }