@article{Bondy1989,
 author = {Bondy, J. A.},
 title = {Trigraphs},
 journal = {Discrete Math.},
 issue_date = {1989},
 volume = {75},
 number = {1-3},
 month = sep,
 year = {1989},
 issn = {0012-365X},
 pages = {69--79},
 numpages = {11},
 url = {http://dx.doi.org/10.1016/0012-365X(89)90079-4},
 doi = {10.1016/0012-365X(89)90079-4},
 acmid = {67819},
 publisher = {Elsevier Science Publishers B. V.},
 address = {Amsterdam, The Netherlands, The Netherlands},
}

@article{CaiC1995,
 author = {Cai, Leizhen and Corneil, Derek G.},
 title = {Tree Spanners},
 journal = {SIAM J. Disc. Math.},
 issue_date = {Aug. 1995},
 volume = {8},
 number = {3},
 month = aug,
 year = {1995},
 issn = {0895-4801},
 pages = {359--387},
 numpages = {29},
 url = {http://dx.doi.org/10.1137/S0895480192237403},
 doi = {10.1137/S0895480192237403},
 acmid = {213245},
 publisher = {Society for Industrial and Applied Mathematics},
 address = {Philadelphia, PA, USA},
 keywords = {NP-complete, distance, graph algorithm, spanning tree, tree spanner},
}

@phdthesis{Cai1992,
 author = {Cai, Leizhen},
 title = {Tree spanners: spanning trees that approximate distances},
 school = {University of Toronto},
 year = {1992},
 note = {UMI Order No. GAXNN-73862},
 publisher = {University of Toronto},
 address = {Toronto, Ont., Canada},
 timestamp = {2013.10.09}
}

@inproceedings{PelegU1988,
 author = {Peleg, David and Upfal, Eli},
 title = {A tradeoff between space and efficiency for routing tables},
 booktitle = {STOC '88},
 year = {1988},
 isbn = {0-89791-264-0},
 location = {Chicago, Illinois, USA},
 pages = {43--52},
 numpages = {10},
 url = {http://doi.acm.org/10.1145/62212.62217},
 doi = {10.1145/62212.62217},
 acmid = {62217},
 optpublisher = {ACM},
 address = {New York, USA},
}
@article{Awerbuch1985,
 author = {Awerbuch, Baruch},
 title = {Complexity of network synchronization},
 journal = {J. ACM},
 issue_date = {Oct. 1985},
 volume = {32},
 number = {4},
 month = oct,
 year = {1985},
 issn = {0004-5411},
 pages = {804--823},
 numpages = {20},
 url = {http://doi.acm.org/10.1145/4221.4227},
 doi = {10.1145/4221.4227},
 acmid = {4227},
 publisher = {ACM},
 address = {New York, USA}
} 
@article{MillerTZ60,
 author = {Miller, C. E. and Tucker, A. W. and Zemlin, R. A.},
 title = {Integer Programming Formulation of Traveling Salesman Problems},
 journal = {J. ACM},
 issue_date = {Oct. 1960},
 volume = {7},
 number = {4},
 month = oct,
 year = {1960},
 issn = {0004-5411},
 pages = {326--329},
 numpages = {4},
 url = {http://doi.acm.org/10.1145/321043.321046},
 doi = {10.1145/321043.321046},
 acmid = {321046},
 optpublisher = {ACM},
 address = {New York, USA},
} 

@book{GareyJ1979,
 author = {Garey, Michael R. and Johnson, David S.},
 title = {Computers and Intractability: A Guide to the Theory of NP-Completeness},
 year = {1979},
 isbn = {0716710447},
 publisher = {W. H. Freeman \& Co.},
 address = {New York, NY, USA},
}

@MASTERSTHESIS{Nadiradze2013,
  author = {Giorgi Nadiradze},
  title = {Bounded Diameter Minimum Spanning Tree},
  school = {Central European University},
  year = {2013}
}