% !TEX encoding = UTF-8 Unicode
@Misc{Porta2018,
author = {Sebastian Schenker},
title = {PORTA},
howpublished = {Website},
year = {2018},
note = {url = {http://porta.zib.de}}
}

@Misc{Panda2018,
author = {Stefan L{\"o}rwald},
title = {PANDA},
howpublished = {Website},
year = {2018},
note = {url = {https://wwwproxy.iwr.uni-heidelberg.de/groups/comopt/software/PANDA/index.html}}
}

@Article{LorwaldR2015,
author="L{\"o}rwald, Stefan
and Reinelt, Gerhard",
title="PANDA: a software for polyhedral transformations",
journal="EURO Journal on Computational Optimization",
year="2015",
month="Nov",
day="01",
volume="3",
number="4",
pages="297--308",
issn="2192-4414",
doi="10.1007/s13675-015-0040-0",
url="https://doi.org/10.1007/s13675-015-0040-0"
}

@Article{Zolotykh2012,
author="Zolotykh, N. Yu.",
title="New modification of the double description method for constructing the skeleton of a polyhedral cone",
journal="Computational Mathematics and Mathematical Physics",
year="2012",
month="Jan",
day="01",
volume="52",
number="1",
pages="146--156",
issn="1555-6662",
doi="10.1134/S0965542512010162",
url="https://doi.org/10.1134/S0965542512010162"
}

@Misc{Scilab2018,
author = {Scilab Enterprises},
title = {Scilab},
howpublished = {Website},
year = {2018},
note = {url = {https://www.scilab.org}}
}

@ARTICLE{Waxman1988, 
author={B. M. Waxman}, 
journal={IEEE Journal on Selected Areas in Communications}, 
title={Routing of multipoint connections}, 
year={1988}, 
volume={6}, 
number={9}, 
pages={1617-1622}, 
doi={10.1109/49.12889}, 
ISSN={0733-8716}, 
month={Dec},}

@book{WilliamsonS2011,
 author = {Williamson, David P. and Shmoys, David B.},
 title = {The Design of Approximation Algorithms},
 year = {2011},
 isbn = {0521195276, 9780521195270},
 edition = {1st},
 publisher = {Cambridge University Press},
 address = {New York, NY, USA},
}

@book{GrotschelLS1988,
  title={Geometric algorithms and combinatorial optimization},
  author={Gr{\"o}tschel, M. and Lov{\'a}sz, L. and Schrijver, A.},
  isbn={9780387136240},
  lccn={lc87036923},
  series={Algorithms and combinatorics},
  url={https://books.google.com.br/books?id=5wHvAAAAMAAJ},
  year={1988},
  publisher={Springer-Verlag}
}

@book{Bollobas1998,
  title={Modern Graph Theory},
  author={Bollob{\'a}s, B.},
  isbn={9783540984887},
  lccn={98011960},
  series={Graduate texts in mathematics},
  year={1998},
  publisher={Springer}
}

@book{BondyM2008,
  title={Graph Theory},
  author={Bondy, A. and Murty, U.S.R.},
  series={Graduate Texts in Mathematics},
  year={2008},
  publisher={Springer-Verlag London}
}

@book{AusielloPMGCK1999,
 author = {Ausiello, Giorgio and Protasi, M. and Marchetti-Spaccamela, A. and Gambosi, G. and Crescenzi, P. and Kann, V.},
 title = {Complexity and Approximation: Combinatorial Optimization Problems and Their Approximability Properties},
 year = {1999},
 isbn = {3540654313},
 edition = {1st},
 publisher = {Springer-Verlag},
 address = {Berlin, Heidelberg},
} 

@Inbook{DesrosiersL2005,
author="Desrosiers, Jacques
and L{\"u}bbecke, Marco E.",
editor="Desaulniers, Guy
and Desrosiers, Jacques
and Solomon, Marius M.",
title="A Primer in Column Generation",
bookTitle="Column Generation",
year="2005",
publisher="Springer US",
address="Boston, MA",
pages="1--32",
isbn="978-0-387-25486-9",
doi="10.1007/0-387-25486-2_1"
}

@book{Keller2017,
  title={Mathematical Optimization Terminology: A Comprehensive Glossary of Terms},
  author={Keller, A.A.},
  isbn={9780128051665},
  url={https://books.google.com.br/books?id=g6h\_AQAACAAJ},
  year={2017},
  publisher={ACADEMIC PRESS}
}

@book{Wolsey1998,
  title={Integer Programming},
  author={Wolsey, L.A.},
  isbn={9780471283669},
  lccn={98007296},
  series={Wiley Series in Discrete Mathematics and Optimization},
  url={https://books.google.com.br/books?id=x7RvQgAACAAJ},
  year={1998},
  publisher={Wiley}
}

@article{MorrisonJSS2016,
title = "Branch-and-bound algorithms: A survey of recent advances in searching, branching, and pruning",
journal = "Discrete Optimization",
volume = "19",
pages = "79 - 102",
year = "2016",
issn = "1572-5286",
doi = "https://doi.org/10.1016/j.disopt.2016.01.005",
url = "http://www.sciencedirect.com/science/article/pii/S1572528616000062",
author = "David R. Morrison and Sheldon H. Jacobson and Jason J. Sauppe and Edward C. Sewell",
keywords = "Branch-and-bound, Discrete optimization, Integer programming, Search strategies, Cyclic best first search, Survey"
}

@MISC{Clausen99branchand,
    author = {Jens Clausen},
    title = {Branch and Bound Algorithms -- Principles And Examples},
    year = {1999}
}

@techreport{Clausen1999,
 author = {Jens Clausen},
 title = {Branch and Bound Algorithms -- Principles And Examples},
 year = {1999},
 institution = {Department of Computer Science, University of Copenhagen}
}


@book{Diestel2017,
  added-at = {2015-05-14T08:30:31.000+0200},
  address = {Heidelberg; New York},
  author = {Diestel, Reinhard},
  edition = {Fifth},
  keywords = {diestel graph.theory no.pdf textbook},
  publisher = {Springer},
  series = {Graduate Texts in Mathematics},
  title = {Graph Theory},
  volume = 173,
  year = 2017
}


@book{ConfortiCZ2014,
  title={Integer Programming},
  author={Conforti, M. and Cornu{\'e}jols, G. and Zambelli, G.},
  isbn={9783319110080},
  lccn={2014952029},
  series={Graduate Texts in Mathematics},
  url={https://books.google.com.br/books?id=antqBQAAQBAJ},
  year={2014},
  publisher={Springer International Publishing}
}


@book{NemhauserW1999,
  title={Integer and combinatorial optimization},
  author={Nemhauser, G.L. and Wolsey, L.A.},
  series={Wiley-Interscience series in discrete mathematics and optimization},
  url={https://books.google.com.br/books?id=ELTqjgEACAAJ},
  year={1999},
  publisher={Wiley}
}


@article{BarnhartJNSV1998,
author = {Barnhart, Cynthia and Johnson, Ellis L. and Nemhauser, George L. and Savelsbergh, Martin W. P. and Vance, Pamela H.},
title = {Branch-and-Price: Column Generation for Solving Huge Integer Programs},
journal = {Operations Research},
volume = {46},
number = {3},
pages = {316-329},
year = {1998},
doi = {10.1287/opre.46.3.316}
}


@book{Peleg2000,
 author = {Peleg, David},
 title = {Distributed Computing: A Locality-sensitive Approach},
 year = {2000},
 isbn = {0-89871-464-8},
 publisher = {Society for Industrial and Applied Mathematics},
 address = {Philadelphia, PA, USA},
} 

@article{DesrochersS1988,
author = {Martin Desrochers and Francois Soumis},
title = {A Generalized Permanent Labelling Algorithm For The Shortest Path Problem With Time Windows},
journal = {INFOR: Information Systems and Operational Research},
volume = {26},
number = {3},
pages = {191-212},
year  = {1988},
publisher = {Taylor & Francis},
doi = {10.1080/03155986.1988.11732063}
}

@book{BertsimasT1997,
 author = {Bertsimas, Dimitris and Tsitsiklis, John},
 title = {Introduction to Linear Optimization},
 year = {1997},
 isbn = {1886529191},
 edition = {1st},
 publisher = {Athena Scientific},
}

@article{MillerTZ60,
 author = {Miller, C. E. and Tucker, A. W. and Zemlin, R. A.},
 title = {Integer Programming Formulation of Traveling Salesman Problems},
 journal = {J. ACM},
 issue_date = {Oct. 1960},
 volume = {7},
 number = {4},
 month = oct,
 year = {1960},
 issn = {0004-5411},
 pages = {326--329},
 numpages = {4},
 url = {http://doi.acm.org/10.1145/321043.321046},
 doi = {10.1145/321043.321046},
 acmid = {321046},
 optpublisher = {ACM},
 address = {New York, USA},
} 

@Conference{FerreiraW1996,
  Title                    = {Combinat\'{o}ria poli\'{e}drica e planos-de-corte faciais},
  Author                   = {C.E. Ferreira and Y. Wakabayashi},
  Booktitle                = {10a Escola de Computação},
  Year                     = {1996},
  Publisher                = {UNICAMP - Instituto de Computação}
}

@book{GrossYZ2013,
 author = {Gross, Jonathan L. and Yellen, Jay and Zhang, Ping},
 title = {Handbook of Graph Theory, Second Edition},
 year = {2013},
 isbn = {1439880182, 9781439880180},
 edition = {2nd},
 publisher = {Chapman \& Hall/CRC},
}

@book{BrandstadtLS1999,
 author = {Brandst\"{a}dt, Andreas and Le, Van Bang and Spinrad, Jeremy P.},
 title = {Graph Classes: A Survey},
 year = {1999},
 isbn = {0-89871-432-X},
 publisher = {Society for Industrial and Applied Mathematics},
 address = {Philadelphia, PA, USA},
} 

@inproceedings{MillerPVX2015,
 author = {Miller, Gary L. and Peng, Richard and Vladu, Adrian and Xu, Shen Chen},
 title = {Improved Parallel Algorithms for Spanners and Hopsets},
 booktitle = {Proceedings of the 27th ACM Symposium on Parallelism in Algorithms and Architectures},
 series = {SPAA '15},
 year = {2015},
 isbn = {978-1-4503-3588-1},
 location = {Portland, Oregon, USA},
 pages = {192--201},
 numpages = {10},
 url = {http://doi.acm.org/10.1145/2755573.2755574},
 doi = {10.1145/2755573.2755574},
 acmid = {2755574},
 publisher = {ACM},
 address = {New York, NY, USA},
 keywords = {approximation algorithms, graph algorithms, parallel algorithms, shortest path problem},
} 

@article{DinitzKR2015,
 author = {Dinitz, Michael and Kortsarz, Guy and Raz, Ran},
 title = {Label Cover Instances with Large Girth and the Hardness of Approximating Basic k-Spanner},
 journal = {ACM Trans. Algorithms},
 issue_date = {February 2016},
 volume = {12},
 number = {2},
 month = dec,
 year = {2015},
 issn = {1549-6325},
 pages = {25:1--25:16},
 articleno = {25},
 numpages = {16},
 url = {http://doi.acm.org/10.1145/2818375},
 doi = {10.1145/2818375},
 acmid = {2818375},
 publisher = {ACM},
 address = {New York, NY, USA},
 keywords = {Graph spanners, probabilistically checkable proofs},
} 

@article{Papoutsakis2014,
  author    = {Ioannis Papoutsakis},
  title     = {Tree 3-spanners of diameter at most 5},
  journal   = {CoRR},
  volume    = {abs/1402.3573},
  year      = {2014},
  url       = {http://arxiv.org/abs/1402.3573},
  archivePrefix = {arXiv},
  eprint    = {1402.3573},
  timestamp = {Wed, 07 Jun 2017 14:41:14 +0200},
  biburl    = {https://dblp.org/rec/bib/journals/corr/Papoutsakis14},
  bibsource = {dblp computer science bibliography, https://dblp.org}
}

@article{Papoutsakis2018,
 author = {Papoutsakis, Ioannis},
 title = {Tree Spanners of Bounded Degree Graphs},
 journal = {Discrete Appl. Math.},
 issue_date = {February 2018},
 volume = {236},
 number = {C},
 month = feb,
 year = {2018},
 issn = {0166-218X},
 pages = {395--407},
 numpages = {13},
 url = {https://doi.org/10.1016/j.dam.2017.10.025},
 doi = {10.1016/j.dam.2017.10.025},
 acmid = {3179238},
 publisher = {Elsevier Science Publishers B. V.},
 address = {Amsterdam, The Netherlands, The Netherlands},
 keywords = {Bounded degree graph, Distance, Efficient graph algorithm, Spanning tree, Tree spanner},
} 

@INPROCEEDINGS{BorradaileLW2017,
author={G. Borradaile and H. Le and C. Wulff-Nilsen},
booktitle={2017 IEEE 58th Annual Symposium on Foundations of Computer Science (FOCS)},
title={Minor-Free Graphs Have Light Spanners},
year={2017},
volume={},
number={},
pages={767-778},
doi={10.1109/FOCS.2017.76},
ISSN={0272-5428},
month={Oct},}

@article{ElkinNS2015,
  author    = {Michael Elkin and
               Ofer Neiman and
               Shay Solomon},
  title     = {Light Spanners},
  journal   = {{SIAM} J. Discrete Math.},
  volume    = {29},
  number    = {3},
  pages     = {1312--1321},
  year      = {2015},
  url       = {https://doi.org/10.1137/140979538},
  doi       = {10.1137/140979538},
  timestamp = {Fri, 26 May 2017 22:54:48 +0200},
  biburl    = {https://dblp.org/rec/bib/journals/siamdm/ElkinNS15},
  bibsource = {dblp computer science bibliography, https://dblp.org}
}

@inproceedings{BodwinW2015,
 author = {Bodwin, Gregory and Williams, Virginia Vassilevska},
 title = {Very Sparse Additive Spanners and Emulators},
 booktitle = {Proceedings of the 2015 Conference on Innovations in Theoretical Computer Science},
 series = {ITCS '15},
 year = {2015},
 isbn = {978-1-4503-3333-7},
 location = {Rehovot, Israel},
 pages = {377--382},
 numpages = {6},
 url = {http://doi.acm.org/10.1145/2688073.2688103},
 doi = {10.1145/2688073.2688103},
 acmid = {2688103},
 publisher = {ACM},
 address = {New York, NY, USA},
 keywords = {graph algorithms, graph emulators, graph spanners},
} 

@inproceedings{KlauckNPR2015,
 author = {Klauck, Hartmut and Nanongkai, Danupon and Pandurangan, Gopal and Robinson, Peter},
 title = {Distributed Computation of Large-scale Graph Problems},
 booktitle = {Proceedings of the Twenty-sixth Annual ACM-SIAM Symposium on Discrete Algorithms},
 series = {SODA '15},
 year = {2015},
 location = {San Diego, California},
 pages = {391--410},
 numpages = {20},
 url = {http://dl.acm.org/citation.cfm?id=2722129.2722157},
 acmid = {2722157},
 publisher = {Society for Industrial and Applied Mathematics},
 address = {Philadelphia, PA, USA},
} 

@inproceedings{ChechikWN2016,
 author = {Chechik, Shiri and Wulff-Nilsen, Christian},
 title = {Near-optimal Light Spanners},
 booktitle = {Proceedings of the Twenty-seventh Annual ACM-SIAM Symposium on Discrete Algorithms},
 series = {SODA '16},
 year = {2016},
 isbn = {978-1-611974-33-1},
 location = {Arlington, Virginia},
 pages = {883--892},
 numpages = {10},
 url = {http://dl.acm.org/citation.cfm?id=2884435.2884498},
 acmid = {2884498},
 publisher = {Society for Industrial and Applied Mathematics},
 address = {Philadelphia, PA, USA},
} 

@InProceedings{GrossmanP2017,
  author =	{Ofer Grossman and Merav Parter},
  title =	{{Improved Deterministic Distributed Construction of Spanners}},
  booktitle =	{31st International Symposium on Distributed Computing (DISC 2017)},
  pages =	{24:1--24:16},
  series =	{Leibniz International Proceedings in Informatics (LIPIcs)},
  ISBN =	{978-3-95977-053-8},
  ISSN =	{1868-8969},
  year =	{2017},
  volume =	{91},
  editor =	{Andr{\'e}a W. Richa},
  publisher =	{Schloss Dagstuhl--Leibniz-Zentrum fuer Informatik},
  address =	{Dagstuhl, Germany},
  URL =		{http://drops.dagstuhl.de/opus/volltexte/2017/8008},
  URN =		{urn:nbn:de:0030-drops-80085},
  doi =		{10.4230/LIPIcs.DISC.2017.24},
  annote =	{Keywords: spanners, clustering, deterministic algorithms, congest model}
}

@inproceedings{KapralovW2014,
 author = {Kapralov, Michael and Woodruff, David},
 title = {Spanners and Sparsifiers in Dynamic Streams},
 booktitle = {Proceedings of the 2014 ACM Symposium on Principles of Distributed Computing},
 series = {PODC '14},
 year = {2014},
 isbn = {978-1-4503-2944-6},
 location = {Paris, France},
 pages = {272--281},
 numpages = {10},
 url = {http://doi.acm.org/10.1145/2611462.2611497},
 doi = {10.1145/2611462.2611497},
 acmid = {2611497},
 publisher = {ACM},
 address = {New York, NY, USA},
 keywords = {sketching, spanners, spectral sparsification},
} 

@article{ElkinS2016,
 author = {Elkin, Michael and Solomon, Shay},
 title = {Fast Constructions of Lightweight Spanners for General Graphs},
 journal = {ACM Trans. Algorithms},
 issue_date = {June 2016},
 volume = {12},
 number = {3},
 month = apr,
 year = {2016},
 issn = {1549-6325},
 pages = {29:1--29:21},
 articleno = {29},
 numpages = {21},
 url = {http://doi.acm.org/10.1145/2836167},
 doi = {10.1145/2836167},
 acmid = {2836167},
 publisher = {ACM},
 address = {New York, NY, USA},
 keywords = {Graph spanners, light spanners, sparse graphs},
} 

@inproceedings{AhnGM2012,
 author = {Ahn, Kook Jin and Guha, Sudipto and McGregor, Andrew},
 title = {Graph Sketches: Sparsification, Spanners, and Subgraphs},
 booktitle = {Proceedings of the 31st ACM SIGMOD-SIGACT-SIGAI Symposium on Principles of Database Systems},
 series = {PODS '12},
 year = {2012},
 isbn = {978-1-4503-1248-6},
 location = {Scottsdale, Arizona, USA},
 pages = {5--14},
 numpages = {10},
 url = {http://doi.acm.org/10.1145/2213556.2213560},
 doi = {10.1145/2213556.2213560},
 acmid = {2213560},
 publisher = {ACM},
 address = {New York, NY, USA},
 keywords = {data streams, graph sketching, spanners, sparsification, subgraphs},
}

@InProceedings{CrouchMS2013,
author="Crouch, Michael S.
and McGregor, Andrew
and Stubbs, Daniel",
editor="Bodlaender, Hans L.
and Italiano, Giuseppe F.",
title="Dynamic Graphs in the Sliding-Window Model",
booktitle="Algorithms -- ESA 2013",
year="2013",
publisher="Springer Berlin Heidelberg",
address="Berlin, Heidelberg",
pages="337--348",
isbn="978-3-642-40450-4"
}

@article{McGregor2014,
 author = {McGregor, Andrew},
 title = {Graph Stream Algorithms: A Survey},
 journal = {SIGMOD Rec.},
 issue_date = {March 2014},
 volume = {43},
 number = {1},
 month = may,
 year = {2014},
 issn = {0163-5808},
 pages = {9--20},
 numpages = {12},
 url = {http://doi.acm.org/10.1145/2627692.2627694},
 doi = {10.1145/2627692.2627694},
 acmid = {2627694},
 publisher = {ACM},
 address = {New York, NY, USA},
}

@InProceedings{BeckerKKL2017,
  author =	{Ruben Becker and Andreas Karrenbauer and Sebastian Krinninger and Christoph Lenzen},
  title =	{{Near-Optimal Approximate Shortest Paths and Transshipment in Distributed and Streaming Models}},
  booktitle =	{31st International Symposium on Distributed Computing (DISC 2017)},
  pages =	{7:1--7:16},
  series =	{Leibniz International Proceedings in Informatics (LIPIcs)},
  ISBN =	{978-3-95977-053-8},
  ISSN =	{1868-8969},
  year =	{2017},
  volume =	{91},
  editor =	{Andr{\'e}a W. Richa},
  publisher =	{Schloss Dagstuhl--Leibniz-Zentrum fuer Informatik},
  address =	{Dagstuhl, Germany},
  URL =		{http://drops.dagstuhl.de/opus/volltexte/2017/8003},
  URN =		{urn:nbn:de:0030-drops-80031},
  doi =		{10.4230/LIPIcs.DISC.2017.7},
  annote =	{Keywords: Shortest Paths, Shortest Transshipment, Undirected Min-cost Flow, Gradient Descent, Spanner}
}


@inproceedings{MarbleB2011b,
  title={Asymptotically Near-Optimal Is Good Enough for Motion Planning},
  author={James D. Marble and Kostas E. Bekris},
  booktitle={ISRR},
  year={2011}
}

@INPROCEEDINGS{MarbleB2011, 
author={J. D. Marble and K. E. Bekris}, 
booktitle={2011 IEEE/RSJ International Conference on Intelligent Robots and Systems}, 
title={Computing spanners of asymptotically optimal probabilistic roadmaps}, 
year={2011}, 
volume={}, 
number={}, 
pages={4292-4298}, 
keywords={Approximation algorithms;Clustering algorithms;Degradation;Heuristic algorithms;Planning;Robots;Smoothing methods}, 
doi={10.1109/IROS.2011.6095070}, 
ISSN={2153-0858}, 
month={Sept},}

@INPROCEEDINGS{MarbleB2012, 
author={J. D. Marble and K. E. Bekris}, 
booktitle={2012 IEEE International Conference on Robotics and Automation}, 
title={Towards small asymptotically near-optimal roadmaps}, 
year={2012}, 
volume={}, 
number={}, 
pages={2557-2562}, 
keywords={graph theory;mobile robots;path planning;sampling methods;asymptotic coverage;asymptotic optimality;asymptotically near-optimal solutions;connectivity guarantees;dense graph;final roadmap size reduction;local path costs;optimality requirements;path quality;query resolution times;redundant edge removal;roadmap performance evaluation;sampled configurations;sampling-based motion planners;small asymptotically near-optimal roadmaps;sparser graphs;stopping criterion;Complexity theory;Degradation;Joining processes;Optimization;Planning;Probabilistic logic;Smoothing methods}, 
doi={10.1109/ICRA.2012.6225296}, 
ISSN={1050-4729}, 
month={May},}

@article{MarbleB2013,
 author = {Marble, James D. and Bekris, Kostas E.},
 title = {Asymptotically Near-Optimal Planning With Probabilistic Roadmap Spanners},
 journal = {Trans. Rob.},
 issue_date = {April 2013},
 volume = {29},
 number = {2},
 month = apr,
 year = {2013},
 issn = {1552-3098},
 pages = {432--444},
 numpages = {13},
 url = {http://dx.doi.org/10.1109/TRO.2012.2234312},
 doi = {10.1109/TRO.2012.2234312},
 acmid = {2714237},
 publisher = {IEEE Press},
 address = {Piscataway, NJ, USA},
} 

@article{WangBC2015,
 author = {Wang, Weifu and Balkcom, Devin and Chakrabarti, Amit},
 title = {A Fast Online Spanner for Roadmap Construction},
 journal = {Int. J. Rob. Res.},
 issue_date = {9 2015},
 volume = {34},
 number = {11},
 month = sep,
 year = {2015},
 issn = {0278-3649},
 pages = {1418--1432},
 numpages = {15},
 url = {https://doi.org/10.1177/0278364915576491},
 doi = {10.1177/0278364915576491},
 acmid = {2880386},
 publisher = {Sage Publications, Inc.},
 address = {Thousand Oaks, CA, USA},
 keywords = {Motion planning, probabilistic roadmaps, spanner},
} 

@article{Cohen1999,
 author = {Cohen, Edith},
 title = {Fast Algorithms for Constructing t-Spanners and Paths with Stretch T},
 journal = {SIAM J. Comput.},
 issue_date = {Feb. 1999},
 volume = {28},
 number = {1},
 month = feb,
 year = {1999},
 issn = {0097-5397},
 pages = {210--236},
 numpages = {27},
 url = {https://doi.org/10.1137/S0097539794261295},
 doi = {10.1137/S0097539794261295},
 acmid = {298505},
 publisher = {Society for Industrial and Applied Mathematics},
 address = {Philadelphia, PA, USA},
 keywords = {graph spanners, parallel algorithms, shortest paths},
}

@article{ElkinZ2006,
author="Elkin, Michael
and Zhang, Jian",
title="Efficient algorithms for constructing ($1+\epsilon$,$\beta$)-spanners in the distributed and streaming models",
journal="Distributed Computing",
year="2006",
month="Apr",
day="01",
volume="18",
number="5",
pages="375--385",
issn="1432-0452",
doi="10.1007/s00446-005-0147-2",
url="https://doi.org/10.1007/s00446-005-0147-2"
}

@article{Papoutsakis2016,
 author = {Papoutsakis, Ioannis},
 title = {On Approximating Tree Spanners That Are Breadth First Search Trees},
 journal = {J. Comput. Syst. Sci.},
 issue_date = {August 2016},
 volume = {82},
 number = {5},
 month = aug,
 year = {2016},
 issn = {0022-0000},
 pages = {817--825},
 numpages = {9},
 url = {https://doi.org/10.1016/j.jcss.2016.02.008},
 doi = {10.1016/j.jcss.2016.02.008},
 acmid = {2912271},
 publisher = {Academic Press, Inc.},
 address = {Orlando, FL, USA},
 keywords = {Distance, Hardness of approximation, Low stretch, Spanning tree, Tree spanner},
} 

@inproceedings{Klein2006,
 author = {Klein, Philip N.},
 title = {A Subset Spanner for Planar Graphs, with Application to Subset TSP},
 booktitle = {Proceedings of the Thirty-eighth Annual ACM Symposium on Theory of Computing},
 series = {STOC '06},
 year = {2006},
 isbn = {1-59593-134-1},
 location = {Seattle, WA, USA},
 pages = {749--756},
 numpages = {8},
 url = {http://doi.acm.org/10.1145/1132516.1132620},
 doi = {10.1145/1132516.1132620},
 acmid = {1132620},
 publisher = {ACM},
 address = {New York, NY, USA},
 keywords = {approximation scheme, planar graph, spanner, traveling salesman problem},
} 

@InProceedings{Censor-HillelKPY2016,
author="Censor-Hillel, Keren
and Kavitha, Telikepalli
and Paz, Ami
and Yehudayoff, Amir",
editor="Gavoille, Cyril
and Ilcinkas, David",
title="Distributed Construction of Purely Additive Spanners",
booktitle="Distributed Computing",
year="2016",
publisher="Springer Berlin Heidelberg",
address="Berlin, Heidelberg",
pages="129--142",
isbn="978-3-662-53426-7"
}

@inproceedings{Sommer2016,
 author    = {Christian Sommer},
 title     = {All-Pairs Approximate Shortest Paths 
              and Distance Oracle Preprocessing},
 year      = {2016},
 booktitle = {43rd International Colloquium on 
              Automata, Languages and Programming (ICALP)},
 pages     = {55:1--13},
 url       = {http://dx.doi.org/10.4230/LIPIcs.ICALP.2016.55},
 doi       = {10.4230/LIPIcs.ICALP.2016.55}
}

@article{ElkinP2016,
 author = {Elkin, Michael and Pettie, Seth},
 title = {A Linear-Size Logarithmic Stretch Path-Reporting Distance Oracle for General Graphs},
 journal = {ACM Trans. Algorithms},
 issue_date = {September 2016},
 volume = {12},
 number = {4},
 month = aug,
 year = {2016},
 issn = {1549-6325},
 pages = {50:1--50:31},
 articleno = {50},
 numpages = {31},
 url = {http://doi.acm.org/10.1145/2888397},
 doi = {10.1145/2888397},
 acmid = {2888397},
 publisher = {ACM},
 address = {New York, NY, USA},
 keywords = {Distance oracles, distance preservers},
} 

@inproceedings{ElkinN2017,
 author = {Elkin, Michael and Neiman, Ofer},
 title = {Efficient Algorithms for Constructing Very Sparse Spanners and Emulators},
 booktitle = {Proceedings of the Twenty-Eighth Annual ACM-SIAM Symposium on Discrete Algorithms},
 series = {SODA '17},
 year = {2017},
 location = {Barcelona, Spain},
 pages = {652--669},
 numpages = {18},
 url = {http://dl.acm.org/citation.cfm?id=3039686.3039728},
 acmid = {3039728},
 publisher = {Society for Industrial and Applied Mathematics},
 address = {Philadelphia, PA, USA},
} 

@InProceedings{Knudsen2017,
  author =	{Mathias Baek Tejs Knudsen},
  title =	{{Additive Spanners and Distance Oracles in Quadratic Time}},
  booktitle =	{44th International Colloquium on Automata, Languages, and Programming (ICALP 2017)},
  pages =	{64:1--64:12},
  series =	{Leibniz International Proceedings in Informatics (LIPIcs)},
  ISBN =	{978-3-95977-041-5},
  ISSN =	{1868-8969},
  year =	{2017},
  volume =	{80},
  editor =	{Ioannis Chatzigiannakis and Piotr Indyk and Fabian Kuhn and Anca Muscholl},
  publisher =	{Schloss Dagstuhl--Leibniz-Zentrum fuer Informatik},
  address =	{Dagstuhl, Germany},
  URL =		{http://drops.dagstuhl.de/opus/volltexte/2017/7392},
  URN =		{urn:nbn:de:0030-drops-73924},
  doi =		{10.4230/LIPIcs.ICALP.2017.64},
  annote =	{Keywords: graph algorithms, data structures, additive spanners, distance oracles}
}

@article{AtallahBFF2009,
 author = {Atallah, Mikhail J. and Blanton, Marina and Fazio, Nelly and Frikken, Keith B.},
 title = {Dynamic and Efficient Key Management for Access Hierarchies},
 journal = {ACM Trans. Inf. Syst. Secur.},
 issue_date = {January 2009},
 volume = {12},
 number = {3},
 month = jan,
 year = {2009},
 issn = {1094-9224},
 pages = {18:1--18:43},
 articleno = {18},
 numpages = {43},
 url = {http://doi.acm.org/10.1145/1455526.1455531},
 doi = {10.1145/1455526.1455531},
 acmid = {1455531},
 publisher = {ACM},
 address = {New York, NY, USA},
 keywords = {Efficient key derivation, hierarchical access control, key management},
} 

@InProceedings{DodisGLRRS1999,
author="Dodis, Yevgeniy
and Goldreich, Oded
and Lehman, Eric
and Raskhodnikova, Sofya
and Ron, Dana
and Samorodnitsky, Alex",
editor="Hochbaum, Dorit S.
and Jansen, Klaus
and Rolim, Jos{\'e} D. P.
and Sinclair, Alistair",
title="Improved Testing Algorithms for Monotonicity",
booktitle="Randomization, Approximation, and Combinatorial Optimization. Algorithms and Techniques",
year="1999",
publisher="Springer Berlin Heidelberg",
address="Berlin, Heidelberg",
pages="97--108",
isbn="978-3-540-48413-4"
}

@InProceedings{BhattacharyyaGJRW2009,
  Title                    = {Transitive-closure spanners},
  Author                   = {Arnab Bhattacharyya and Elena Grigorescu and Kyomin Jung and Sofya Raskhodnikova and David P. Woodruff},
  Booktitle                = {SODA},
  Year                     = {2009}
}

@inproceedings{BhattacharyyaGJJRW2010,
 author = {Bhattacharyya, Arnab and Grigorescu, Elena and Jha, Madhav and Jung, Kyomin and Raskhodnikova, Sofya and Woodruff, David P.},
 title = {Lower Bounds for Local Monotonicity Reconstruction from Transitive-closure Spanners},
 booktitle = {Proceedings of the 13th International Conference on Approximation, and 14 the International Conference on Randomization, and Combinatorial Optimization: Algorithms and Techniques},
 series = {APPROX/RANDOM'10},
 year = {2010},
 isbn = {3-642-15368-2, 978-3-642-15368-6},
 location = {Barcelona, Spain},
 pages = {448--461},
 numpages = {14},
 url = {http://dl.acm.org/citation.cfm?id=1886521.1886557},
 acmid = {1886557},
 publisher = {Springer-Verlag},
 address = {Berlin, Heidelberg},
 keywords = {hypercube, hypergrid, monotone functions, property reconstruction, property testing, spanners},
} 

@InProceedings{BermanBMRY2011,
  Title                    = {Improved Approximation for the Directed Spanner Problem},
  Author                   = {Berman, Piotr
and Bhattacharyya, Arnab
and Makarychev, Konstantin
and Raskhodnikova, Sofya
and Yaroslavtsev, Grigory},
  Booktitle                = {Automata, Languages and Programming},
  Year                     = {2011},

  Address                  = {Berlin, Heidelberg},
  Editor                   = {Aceto, Luca
and Henzinger, Monika
and Sgall, Ji{\v{r}}{\'i}},
  Pages                    = {1--12},
  Publisher                = {Springer Berlin Heidelberg},

  ISBN                     = {978-3-642-22006-7}
}


@book{KorteV2012,
 author = {Korte, Bernhard and Vygen, Jens},
 title = {Combinatorial Optimization: Theory and Algorithms},
 year = {2012},
 isbn = {978-3-642-24487-2, 978-3-642-42767-1},
 edition = {5th},
 publisher = {Springer-Verlag Berlin Heidelberg},
}

@Misc{Lemon2016,
author = {Egerv{\'a}ry Research Group on Combinatorial Optimization (EGRES)},
title = {Lemon},
howpublished = {Website},
year = {2016},
note = {url = {https://lemon.cs.elte.hu/trac/lemon}}
}

@Misc{Cplex2018,
author = {IBM},
title = {IBM ILOG CPLEX},
howpublished = {Website},
year = {2018},
note = {url = {https://www.ibm.com/analytics/cplex-optimizer}}
}

@article{GoldbergT1988,
 author = {Goldberg, Andrew V. and Tarjan, Robert E.},
 title = {A New Approach to the Maximum-flow Problem},
 journal = {J. ACM},
 issue_date = {Oct. 1988},
 volume = {35},
 number = {4},
 month = oct,
 year = {1988},
 issn = {0004-5411},
 pages = {921--940},
 numpages = {20},
 url = {http://doi.acm.org/10.1145/48014.61051},
 doi = {10.1145/48014.61051},
 acmid = {61051},
 publisher = {ACM},
 address = {New York, NY, USA},
}

@incollection{DantzigF1956,
 author = {Dantzig, G.B. and Fulkerson, D.R},
 title = {On the max-flow min-cut theorem of networks},
 booktitle = {Linear Inequalities and Related Systems},
 publisher = {Princeton University Press},
 year = {1956},
 editor = {H. W. Kuhn and A. W. Tucker},
 pages = {215-221},
}

@article{RodittyTZ2008,
 author = {Roditty, Iam and Thorup, Mikkel and Zwick, Uri},
 title = {Roundtrip Spanners and Roundtrip Routing in Directed Graphs},
 journal = {ACM Trans. Algorithms},
 issue_date = {June 2008},
 volume = {4},
 number = {3},
 month = jul,
 year = {2008},
 issn = {1549-6325},
 pages = {29:1--29:17},
 articleno = {29},
 numpages = {17},
 url = {http://doi.acm.org/10.1145/1367064.1367069},
 doi = {10.1145/1367064.1367069},
 acmid = {1367069},
 publisher = {ACM},
 address = {New York, NY, USA},
 keywords = {Routing, distances, roundtrip, shortest paths, spanners},
}

@article{ThorupZ2005,
 author = {Thorup, Mikkel and Zwick, Uri},
 title = {Approximate Distance Oracles},
 journal = {J. ACM},
 issue_date = {January 2005},
 volume = {52},
 number = {1},
 month = jan,
 year = {2005},
 issn = {0004-5411},
 pages = {1--24},
 numpages = {24},
 url = {http://doi.acm.org/10.1145/1044731.1044732},
 doi = {10.1145/1044731.1044732},
 acmid = {1044732},
 publisher = {ACM},
 address = {New York, NY, USA},
 keywords = {Approximate distance oracles, distance labelings, distance queries, distances, shortest paths, spanners},
}

@article{Elkin2005,
 author = {Elkin, Michael},
 title = {Computing Almost Shortest Paths},
 journal = {ACM Trans. Algorithms},
 issue_date = {October 2005},
 volume = {1},
 number = {2},
 month = oct,
 year = {2005},
 issn = {1549-6325},
 pages = {283--323},
 numpages = {41},
 url = {http://doi.acm.org/10.1145/1103963.1103968},
 doi = {10.1145/1103963.1103968},
 acmid = {1103968},
 publisher = {ACM},
 address = {New York, NY, USA},
 keywords = {Graph algorithms, almost shortest paths, spanners},
}

@inproceedings{DemmerH1998,
 author = {Demmer, Michael J. and Herlihy, Maurice},
 title = {The Arrow Distributed Directory Protocol},
 booktitle = {Proceedings of the 12th International Symposium on Distributed Computing},
 series = {DISC '98},
 year = {1998},
 isbn = {3-540-65066-0},
 pages = {119--133},
 numpages = {15},
 url = {http://dl.acm.org/citation.cfm?id=645955.675803},
 acmid = {675803},
 publisher = {Springer-Verlag},
 address = {London, UK, UK},
}

@inproceedings{RodittyTZ2005,
 author = {Roditty, Liam and Thorup, Mikkel and Zwick, Uri},
 title = {Deterministic Constructions of Approximate Distance Oracles and Spanners},
 booktitle = {Proceedings of the 32Nd International Conference on Automata, Languages and Programming},
 series = {ICALP'05},
 year = {2005},
 isbn = {3-540-27580-0, 978-3-540-27580-0},
 location = {Lisbon, Portugal},
 pages = {261--272},
 numpages = {12},
 url = {https://doi.org/10.1007/11523468_22},
 doi = {10.1007/11523468_22},
 acmid = {2104091},
 publisher = {Springer-Verlag},
 address = {Berlin, Heidelberg},
} 



@MASTERSTHESIS{Nadiradze2013,
  author = {Giorgi Nadiradze},
  title = {Bounded Diameter Minimum Spanning Tree},
  school = {Central European University},
  year = {2013}
}

@book{CormenLRS2009,
 author = {Cormen, Thomas H. and Leiserson, Charles E. and Rivest, Ronald L. and Stein, Clifford},
 title = {Introduction to Algorithms, Third Edition},
 year = {2009},
 isbn = {0262033844, 9780262033848},
 edition = {3rd},
 publisher = {The MIT Press},
} 

@book{GareyJ1990,
 author = {Garey, Michael R. and Johnson, David S.},
 title = {Computers and Intractability; A Guide to the Theory of NP-Completeness},
 year = {1990},
 isbn = {0716710455},
 publisher = {W. H. Freeman \& Co.},
 address = {New York, NY, USA},
} 

@incollection{Galbiati2001,
year={2001},
isbn={978-3-540-42985-2},
booktitle={Algorithms and Computation},
volume={2223},
series={Lecture Notes in Computer Science},
editor={Eades, Peter and Takaoka, Tadao},
doi={10.1007/3-540-45678-3_11},
title={On Min-Max Cycle Bases},
url={http://dx.doi.org/10.1007/3-540-45678-3_11},
publisher={Springer Berlin Heidelberg},
author={Galbiati, Giulia},
pages={116-123},
language={English}
}

@article{KortsarzP1998,
author = {Kortsarz, G. and Peleg, D.},
title = {Generating Low-Degree 2-Spanners},
journal = {SIAM Journal on Computing},
volume = {27},
number = {5},
pages = {1438-1456},
year = {1998},
doi = {10.1137/S0097539794268753},
URL = {http://dx.doi.org/10.1137/S0097539794268753},
eprint = {http://dx.doi.org/10.1137/S0097539794268753}
}

@inproceedings{BermanRR2010,
  author = {Berman, Piotr and Raskhodnikova, Sofya and Ruan, Ge},
  bibsource = {DBLP, http://dblp.uni-trier.de},
  booktitle = {FSTTCS},
  doi = {10.4230/LIPIcs.FSTTCS.2010.424},
  editor = {Lodaya, Kamal and Mahajan, Meena},
  isbn = {978-3-939897-23-1},
  keywords = {imported spanner},
  pages = {424-435},
  publisher = {Schloss Dagstuhl - Leibniz-Zentrum fuer Informatik},
  series = {LIPIcs},
  title = {Finding Sparser Directed Spanners},
  volume = 8,
  year = 2010
}

@article{BermanBMRY2013,
title = "Approximation algorithms for spanner problems and Directed Steiner Forest ",
journal = "Information and Computation ",
volume = "222",
number = "0",
pages = "93 - 107",
year = "2013",
note = "38th International Colloquium on Automata, Languages and Programming (ICALP 2011) ",
issn = "0890-5401",
doi = "http://dx.doi.org/10.1016/j.ic.2012.10.007",
url = "http://www.sciencedirect.com/science/article/pii/S0890540112001484",
author = "Piotr Berman and Arnab Bhattacharyya and Konstantin Makarychev and Sofya Raskhodnikova and Grigory Yaroslavtsev"
}

@article{BermanBGRWY2014,
year={2014},
issn={0209-9683},
journal={Combinatorica},
volume={34},
number={3},
doi={10.1007/s00493-014-2833-9},
title={Steiner transitive-closure spanners of low-dimensional posets},
url={http://dx.doi.org/10.1007/s00493-014-2833-9},
publisher={Springer Berlin Heidelberg},
keywords={6BR10},
author={Berman, Piotr and Bhattacharyya, Arnab and Grigorescu, Elena and Raskhodnikova, Sofya and Woodruff, David P. and Yaroslavtsev, Grigory},
pages={255-277}
}

@article{ChlamtacDK2012,
  author    = {Eden Chlamtac and
               Michael Dinitz and
               Robert Krauthgamer},
  title     = {Everywhere-Sparse Spanners via Dense Subgraphs},
  journal   = {CoRR},
  volume    = {abs/1205.0144},
  year      = {2012},
  url       = {http://arxiv.org/abs/1205.0144},
  timestamp = {Wed, 10 Oct 2012 21:28:51 +0200},
  biburl    = {http://dblp.uni-trier.de/rec/bib/journals/corr/abs-1205-0144},
  bibsource = {dblp computer science bibliography, http://dblp.org}
}

@inproceedings{ChlamtacD2014,
  author    = {Eden Chlamt{\'{a}}c and
               Michael Dinitz},
  title     = {Lowest Degree k-Spanner: Approximation and Hardness},
  booktitle = {Approximation, Randomization, and Combinatorial Optimization. Algorithms
               and Techniques, {APPROX/RANDOM} 2014, September 4-6, 2014, Barcelona,
               Spain},
  pages     = {80--95},
  year      = {2014},
  crossref  = {DBLP:conf/approx/2014},
  url       = {http://dx.doi.org/10.4230/LIPIcs.APPROX-RANDOM.2014.80},
  doi       = {10.4230/LIPIcs.APPROX-RANDOM.2014.80},
  timestamp = {Wed, 17 Sep 2014 16:44:33 +0200},
  biburl    = {http://dblp.uni-trier.de/rec/bib/conf/approx/ChlamtacD14},
  bibsource = {dblp computer science bibliography, http://dblp.org}
}

@incollection{ItoZN2002,
year={2002},
isbn={978-3-540-00142-3},
booktitle={Algorithms and Computation},
volume={2518},
series={Lecture Notes in Computer Science},
editor={Bose, Prosenjit and Morin, Pat},
doi={10.1007/3-540-36136-7_53},
title={Partitioning Trees of Supply and Demand},
url={http://dx.doi.org/10.1007/3-540-36136-7_53},
publisher={Springer Berlin Heidelberg},
keywords={algorithm; approximation; demand; maximum partition problem; partition problem; FPTAS; supply; tree},
author={Ito, Takehiro and Zhou, Xiao and Nishizeki, Takao},
pages={612-623},
language={English}
}

@article{NarayanaswamyR2015,
title = "Tree t-spanners in outerplanar graphs via supply demand partition",
journal = "Discrete Applied Mathematics",
volume = "195",
pages = "104 - 109",
year = "2015",
note = "12th Cologne-Twente Workshop on Graphs and Combinatorial Optimization (CTW 2013)",
issn = "0166-218X",
doi = "https://doi.org/10.1016/j.dam.2014.11.001",
url = "http://www.sciencedirect.com/science/article/pii/S0166218X14004867",
author = "N.S. Narayanaswamy and G. Ramakrishna",
keywords = "Tree -spanner, Minimum stretch spanning tree, Supply–demand tree partition, Outerplanar graphs"
}

@inproceedings{HandkeK2000,
 author = {Handke, Dagmar and Kortsarz, Guy},
 title = {Tree Spanners for Subgraphs and Related Tree Covering Problems},
 booktitle = {Proceedings of the 26th International Workshop on Graph-Theoretic Concepts in Computer Science},
 series = {WG '00},
 year = {2000},
 isbn = {3-540-41183-6},
 pages = {206--217},
 numpages = {12},
 url = {http://dl.acm.org/citation.cfm?id=647681.732332},
 acmid = {732332},
 publisher = {Springer-Verlag},
 address = {London, UK, UK},
} 

@article{Awerbuch1985,
 author = {Awerbuch, Baruch},
 title = {Complexity of network synchronization},
 journal = {J. ACM},
 issue_date = {Oct. 1985},
 volume = {32},
 number = {4},
 month = oct,
 year = {1985},
 issn = {0004-5411},
 pages = {804--823},
 numpages = {20},
 url = {http://doi.acm.org/10.1145/4221.4227},
 doi = {10.1145/4221.4227},
 acmid = {4227},
 publisher = {ACM},
 address = {New York, NY, USA}
} 

@inproceedings{PelegU1987,
 author = {Peleg, David and Ullman, Jeffrey D.},
 title = {An optimal synchronizer for the hypercube},
 booktitle = {8th ACM Symposium on Principles of Distributed Computing},
 series = {PODC '87},
 year = {1987},
 pages = {77--85},
 publisher = {ACM},
}

@inproceedings{Chew1986,
 author = {Chew, P},
 title = {There is a Planar Graph Almost As Good As the Complete Graph},
 booktitle = {Proceedings of the Second Annual Symposium on Computational Geometry},
 series = {SCG '86},
 year = {1986},
 isbn = {0-89791-194-6},
 location = {Yorktown Heights, New York, USA},
 pages = {169--177},
 numpages = {9},
 url = {http://doi.acm.org/10.1145/10515.10534},
 doi = {10.1145/10515.10534},
 acmid = {10534},
 publisher = {ACM},
 address = {New York, NY, USA},
} 

@article{PelegU1989,
 author = {Peleg, David and Ullman, Jeffrey D.},
 title = {An optimal synchronizer for the hypercube},
 journal = {SIAM J. Comput.},
 issue_date = {Aug. 1989},
 volume = {18},
 number = {4},
 month = aug,
 year = {1989},
 issn = {0097-5397},
 pages = {740--747},
 numpages = {8},
 url = {http://dx.doi.org/10.1137/0218050},
 doi = {10.1137/0218050},
 acmid = {72934},
 publisher = {Society for Industrial and Applied Mathematics},
 address = {Philadelphia, PA, USA},
 timestamp = {2013.10.09}
} 

@inproceedings{PelegU1988,
 author = {Peleg, David and Upfal, Eli},
 title = {A tradeoff between space and efficiency for routing tables},
 booktitle = {Proceedings of the twentieth annual ACM symposium on Theory of computing},
 series = {STOC '88},
 year = {1988},
 isbn = {0-89791-264-0},
 location = {Chicago, Illinois, USA},
 pages = {43--52},
 numpages = {10},
 url = {http://doi.acm.org/10.1145/62212.62217},
 doi = {10.1145/62212.62217},
 acmid = {62217},
 publisher = {ACM},
 address = {New York, NY, USA},
}



@article{OliveiraP2005,
 author = {Oliveira, Carlos A. S. and Pardalos, Panos M.},
 title = {A survey of combinatorial optimization problems in multicast routing},
 journal = {Comput. Oper. Res.},
 issue_date = {August 2005},
 volume = {32},
 number = {8},
 month = aug,
 year = {2005},
 issn = {0305-0548},
 pages = {1953--1981},
 numpages = {29},
 url = {http://dx.doi.org/10.1016/j.cor.2003.12.007},
 doi = {10.1016/j.cor.2003.12.007},
 acmid = {1063437},
 publisher = {Elsevier Science Ltd.},
 address = {Oxford, UK, UK},
 keywords = {combinatorial optimization, multicast routing, networks},
}

@MASTERSTHESIS{Braga2012,
  author = {Hugo Braga},
  title = {Algorithms for the Directed k-Spanner with Minimum Degree Steiner Tree Problem},
  school = {Universidade Federal da Bahia},
  year = {2012}
}

@Unpublished{BragaA2013,
  author = 	 {Braga, Hugo and Assis, F.},
  title = 	 {Algorithms for the Directed k-Spanner with Minimum Degree Steiner Tree Problem},
  note = 	 {submetido},
  OPTkey = 	 {},
  OPTmonth = 	 {},
  year = 	 {2013}
}

@incollection{ArikatiCCDSZ1996,
year= {1996},
isbn={978-3-540-61680-1},
booktitle={Algorithms — ESA '96},
volume=1136,
series={Lecture Notes in Computer Science},
editor={Diaz, Josep and Serna, Maria},
doi={10.1007/3-540-61680-2_79},
title={Planar spanners and approximate shortest path queries among obstacles in the plane},
url={http://dx.doi.org/10.1007/3-540-61680-2_79},
publisher={Springer Berlin Heidelberg},
author={Arikati, Srinivasa and Chen, Danny Z. and Chew, L. Paul and Das, Gautam
	and Smid, Michiel and Zaroliagis, Christos D},
pages={514-528}
}

@article{Chew1989,
 author = {Chew, L. P.},
 title = {There are planar graphs almost as good as the complete graph},
 journal = {J. Comput. Syst. Sci.},
 issue_date = {Oct. 1989},
 volume = {39},
 number = {2},
 month = oct,
 year = {1989},
 issn = {0022-0000},
 pages = {205--219},
 numpages = {15},
 url = {http://dx.doi.org/10.1016/0022-0000(89)90044-5},
 doi = {10.1016/0022-0000(89)90044-5},
 acmid = {70341},
 publisher = {Academic Press, Inc.},
 address = {Orlando, FL, USA}
}

@article{BandeltD1986,
title = "Reconstructing the shape of a tree from observed dissimilarity data ",
journal = "Advances in Applied Mathematics",
volume = "7",
number = "3",
pages = "309 - 343",
year = "1986",
note = "",
issn = "0196-8858",
doi = "http://dx.doi.org/10.1016/0196-8858(86)90038-2",
url = "http://www.sciencedirect.com/science/article/pii/0196885886900382",
author = "Hans-Jürgen Bandelt and Andreas Dress"
}

@article{RabinovichR1998,
year={1998},
issn={0179-5376},
journal={Discrete & Computational Geometry},
volume={19},
number={1},
doi={10.1007/PL00009336},
title={Lower Bounds on the Distortion of Embedding Finite Metric Spaces in Graphs},
url={http://dx.doi.org/10.1007/PL00009336},
publisher={Springer-Verlag},
author={Rabinovich, Y. and Raz, R.},
pages={79-94},
language={English}
}

@phdthesis{Cai1992,
 author = {Cai, Leizhen},
 title = {Tree spanners: spanning trees that approximate distances},
 school = {University of Toronto},
 year = {1992},
 note = {UMI Order No. GAXNN-73862},
 publisher = {University of Toronto},
 address = {Toronto, Ont., Canada},
 timestamp = {2013.10.09}
}

@article{AlthoferDDJS1993,
 author = {Alth\"{o}fer, Ingo and Das, Gautam and Dobkin, David and Joseph, Deborah and Soares, Jos{\'e}},
 title = {On sparse spanners of weighted graphs},
 journal = {Discrete Comput. Geom.},
 issue_date = {1993},
 volume = {9},
 number = {1},
 month = jan,
 year = {1993},
 issn = {0179-5376},
 pages = {81--100},
 numpages = {20},
 url = {http://dx.doi.org/10.1007/BF02189308},
 doi = {10.1007/BF02189308},
 acmid = {156258},
 publisher = {Springer-Verlag New York, Inc.},
 address = {Secaucus, NJ, USA},
}

@article{Bondy1989,
 author = {Bondy, J. A.},
 title = {Trigraphs},
 journal = {Discrete Math.},
 issue_date = {1989},
 volume = {75},
 number = {1-3},
 month = sep,
 year = {1989},
 issn = {0012-365X},
 pages = {69--79},
 numpages = {11},
 url = {http://dx.doi.org/10.1016/0012-365X(89)90079-4},
 doi = {10.1016/0012-365X(89)90079-4},
 acmid = {67819},
 publisher = {Elsevier Science Publishers B. V.},
 address = {Amsterdam, The Netherlands, The Netherlands},
}

@article{CaiC1995,
 author = {Cai, Leizhen and Corneil, Derek G.},
 title = {Tree Spanners},
 journal = {SIAM J. Discret. Math.},
 issue_date = {Aug. 1995},
 volume = {8},
 number = {3},
 month = aug,
 year = {1995},
 issn = {0895-4801},
 pages = {359--387},
 numpages = {29},
 url = {http://dx.doi.org/10.1137/S0895480192237403},
 doi = {10.1137/S0895480192237403},
 acmid = {213245},
 publisher = {Society for Industrial and Applied Mathematics},
 address = {Philadelphia, PA, USA},
 keywords = {NP-complete, distance, graph algorithm, spanning tree, tree spanner},
}

@article{MadanlalVR1996,
title = "Tree 3-spanners on interval, permutation and regular bipartite graphs ",
journal = "Information Processing Letters ",
volume = "59",
number = "2",
pages = "97 - 102",
year = "1996",
note = "",
issn = "0020-0190",
doi = "http://dx.doi.org/10.1016/0020-0190(96)00078-6",
url = "http://www.sciencedirect.com/science/article/pii/0020019096000786",
author = "M.S. Madanlal and G. Venkatesan and C.Pandu Rangan",
keywords = "Tree <span style='font-style: italic'>t</span>-spanner",
keywords = "Interval graph",
keywords = "Permutation graph",
keywords = "Regular bipartite graph "
}

@article{FeketeK2001,
title = "Tree spanners in planar graphs ",
journal = "Discrete Applied Mathematics ",
volume = "108",
number = "1–2",
pages = "85 - 103",
year = "2001",
note = "<ce:title>Workshop on Graph Theoretic Concepts in Computer Science</ce:title> ",
issn = "0166-218X",
doi = "http://dx.doi.org/10.1016/S0166-218X(00)00226-2",
author = "Sándor P. Fekete and Jana Kremer",
keywords = "Graph spanners",
keywords = "Planar graphs",
keywords = "Distance in graphs "
}

@article{VenkatesanRMMR1997,
title = "Restrictions of Minimum Spanner Problems ",
journal = "Information and Computation ",
volume = "136",
number = "2",
pages = "143 - 164",
year = "1997",
note = "",
issn = "0890-5401",
doi = "http://dx.doi.org/10.1006/inco.1997.2641",
url = "http://www.sciencedirect.com/science/article/pii/S0890540197926419",
author = "G. Venkatesan and U. Rotics and M.S. Madanlal and J.A. Makowsky and C. Pandu Rangan"
}

@article{BrandstadtCD1999,
 author = {Brandst\"{a}dt, Andreas and Chepoi, Victor and Dragan, Feodor},
 title = {Distance approximating trees for chordal and dually chordal graphs},
 journal = {J. Algorithms},
 issue_date = {Jan. 1999},
 volume = {30},
 number = {1},
 month = jan,
 year = {1999},
 issn = {0196-6774},
 pages = {166--184},
 numpages = {19},
 url = {http://dx.doi.org/10.1006/jagm.1998.0962},
 doi = {10.1006/jagm.1998.0962},
 acmid = {308111},
 publisher = {Academic Press, Inc.},
 address = {Duluth, MN, USA},
}

l
@article{DraganFG2011,
 author = {Dragan, Feodor F. and Fomin, Fedor V. and Golovach, Petr A.},
 title = {Spanners in sparse graphs},
 journal = {J. Comput. Syst. Sci.},
 issue_date = {November, 2011},
 volume = 77,
 number = 6,
 month = nov,
 year = 2011,
 issn = {0022-0000},
 pages = {1108--1119},
 numpages = 12,
 url = {http://dx.doi.org/10.1016/j.jcss.2010.10.002},
 doi = {10.1016/j.jcss.2010.10.002},
 acmid = 2025580,
 publisher = {Academic Press, Inc.},
 address = {Orlando, FL, USA},
 keywords = {Apex-minor-free graphs, Distances, Graph algorithms, Parameterized complexity, Planar graphs, Spanners, Treewidth},
}

@article{FominFGL2011,
 author = {Fomin, Fedor V. and Golovach, Petr A. and Van Leeuwen, Erik Jan},
 title = {Spanners of bounded degree graphs},
 journal = {Inf. Process. Lett.},
 issue_date = {January, 2011},
 volume = {111},
 number = {3},
 month = jan,
 year = {2011},
 issn = {0020-0190},
 pages = {142--144},
 numpages = {3},
 url = {http://dx.doi.org/10.1016/j.ipl.2010.10.021},
 doi = {10.1016/j.ipl.2010.10.021},
 acmid = {1920727},
 publisher = {Elsevier North-Holland, Inc.},
 address = {Amsterdam, The Netherlands, The Netherlands},
 keywords = {Fixed-parameter tractability, Graph algorithms, Graph spanners, NP-hardness},
}

@PHDTHESIS{Papoutsakis2013,
  author = {Ioannis E. Papoutsakis},
  title = {Tree Spanners of Simple Graphs},
  school = {University of Toronto},
  year = {2013}
}

@inproceedings{EmekP2004,
 author = {Emek, Yuval and Peleg, David},
 title = {Approximating Minimum Max-Stretch spanning Trees on unweighted graphs},
 booktitle = {Proceedings of the fifteenth annual ACM-SIAM symposium on Discrete algorithms},
 series = {SODA '04},
 year = {2004},
 isbn = {0-89871-558-X},
 location = {New Orleans, Louisiana},
 pages = {261--270},
 numpages = {10},
 url = {http://dl.acm.org/citation.cfm?id=982792.982829},
 acmid = {982829},
 publisher = {Society for Industrial and Applied Mathematics},
 address = {Philadelphia, PA, USA},
}

@article{LiebchenW2008,
 author = {Liebchen, Christian and W\"{u}nsch, Gregor},
 title = {The zoo of tree spanner problems},
 journal = {Discrete Appl. Math.},
 issue_date = {March, 2008},
 volume = {156},
 number = {5},
 month = mar,
 year = {2008},
 issn = {0166-218X},
 pages = {569--587},
 numpages = {19},
 url = {http://dx.doi.org/10.1016/j.dam.2007.07.001},
 doi = {10.1016/j.dam.2007.07.001},
 acmid = {1346648},
 publisher = {Elsevier Science Publishers B. V.},
 address = {Amsterdam, The Netherlands, The Netherlands},
 keywords = {Combinatorial optimization, Complexity, Fundamental cycle bases, Stretch factor, Tree spanner},
}

@inproceedings{Peleg2002,
 author = {Peleg, David},
 title = {Low Stretch Spanning Trees},
 booktitle = {Proceedings of the 27th International Symposium on Mathematical Foundations of Computer Science},
 series = {MFCS '02},
 year = {2002},
 isbn = {3-540-44040-2},
 pages = {68--80},
 numpages = {13},
 url = {http://dl.acm.org/citation.cfm?id=645731.668214},
 acmid = {668214},
 publisher = {Springer-Verlag},
 address = {London, UK, UK},
}

@article{DeoPK1982,
 author = {Deo, Narsingh and Prabhu, G. and Krishnamoorthy, M. S.},
 title = {Algorithms for Generating Fundamental Cycles in a Graph},
 journal = {ACM Trans. Math. Softw.},
 issue_date = {March 1982},
 volume = {8},
 number = {1},
 month = mar,
 year = {1982},
 issn = {0098-3500},
 pages = {26--42},
 numpages = {17},
 url = {http://doi.acm.org/10.1145/355984.355988},
 doi = {10.1145/355984.355988},
 acmid = {355988},
 publisher = {ACM},
 address = {New York, NY, USA},
} 

@article{WuCT2000,
 author = {Wu, Bang Ye and Chao, Kun-Mao and Tang, Chuan Yi},
 title = {Approximation algorithms for the shortest total path length spanning tree problem},
 journal = {Discrete Appl. Math.},
 issue_date = {Oct. 15, 2000},
 volume = {105},
 number = {1-3},
 month = oct,
 year = {2000},
 issn = {0166-218X},
 pages = {273--289},
 numpages = {17},
 url = {http://dx.doi.org/10.1016/S0166-218X(00)00185-2},
 doi = {10.1016/S0166-218X(00)00185-2},
 acmid = {354275},
 publisher = {Elsevier Science Publishers B. V.},
 address = {Amsterdam, The Netherlands, The Netherlands},
} 

@article{Cai1994,
title = "{NP}-completeness of minimum spanner problems ",
journal = "Discrete Applied Mathematics ",
volume = "48",
number = "2",
pages = "187 - 194",
year = "1994",
note = "",
issn = "0166-218X",
doi = "http://dx.doi.org/10.1016/0166-218X(94)90073-6",
url = "http://www.sciencedirect.com/science/article/pii/0166218X94900736",
author = "Leizhen Cai"
}

@ARTICLE{Kortsarz2001,
  author = {Kortsarz, G.},
  title = {On the Hardness of Approximating Spanners},
  journal = {Algorithmica},
  year = {2001},
  volume = {30},
  pages = {432-450},
  number = {3},
  doi = {10.1007/s00453-001-0021-y},
  issn = {0178-4617},
  keywords = {Key words. Graph spanners, Hardness of approximation.},
  language = {English},
  publisher = {Springer-Verlag},
}

@article{KortsarzP1994,
title = "Generating Sparse 2-Spanners ",
journal = "Journal of Algorithms ",
volume = "17",
number = "2",
pages = "222 - 236",
year = "1994",
note = "",
issn = "0196-6774",
doi = "http://dx.doi.org/10.1006/jagm.1994.1032",
url = "http://www.sciencedirect.com/science/article/pii/S0196677484710327",
author = "G. Kortsarz and D. Peleg"
}

@article{ElkinP2005,
title = "Approximating k-spanner problems for $k>2$",
journal = "Theoretical Computer Science ",
volume = "337",
number = "1–3",
pages = "249 - 277",
year = "2005",
note = "",
issn = "0304-3975",
doi = "http://dx.doi.org/10.1016/j.tcs.2004.11.022",
url = "http://www.sciencedirect.com/science/article/pii/S0304397505000575",
author = "Michael Elkin and David Peleg",
keywords = "Graph algorithms",
keywords = "Approximation algorithms",
keywords = "Spanners "
}

@article {CaiK1994,
author = {Cai, Leizhen and Keil, Mark},
title = {Spanners in graphs of bounded degree},
journal = {Networks},
volume = {24},
number = {4},
publisher = {Wiley Subscription Services, Inc., A Wiley Company},
issn = {1097-0037},
url = {http://dx.doi.org/10.1002/net.3230240406},
doi = {10.1002/net.3230240406},
pages = {233--249},
year = {1994},
}

@article{DuckworthWZ2003,
 author = {Duckworth, William and Wormald, Nicholas C. and Zito, Michele},
 title = {A {PTAS} for the sparsest 2-spanner of 4-connected planar triangulations},
 journal = {J. of Discrete Algorithms},
 issue_date = {February 2003},
 volume = 1,
 number = 1,
 month = feb,
 year = 2003,
 issn = {1570-8667},
 pages = {67--76},
 numpages = 10,
 url = {http://dx.doi.org/10.1016/S1570-8667(03)00007-8},
 doi = {10.1016/S1570-8667(03)00007-8},
 acmid = 947603,
 publisher = {Elsevier Science Publishers B. V.},
 address = {Amsterdam, The Netherlands, The Netherlands},
 keywords = {2-spanner, 4-connected, planar, polynomial time approximation scheme, triangulation},
} 

@incollection{BrandesH1997,
year={1997},
isbn={978-3-540-63757-8},
booktitle={Graph-Theoretic Concepts in Computer Science},
volume={1335},
series={Lecture Notes in Computer Science},
editor={Möhring, RolfH.},
doi={10.1007/BFb0024490},
title={{NP}-completeness results for minimum planar spanners},
url={http://dx.doi.org/10.1007/BFb0024490},
publisher={Springer Berlin Heidelberg},
author={Brandes, Ulrik and Handke, Dagmar},
pages={85-99}
}

@ARTICLE{PelegS1989,
  author = {Peleg, David and Schäffer, Alejandro A.},
  title = {Graph spanners},
  journal = {Journal of Graph Theory},
  year = {1989},
  volume = {13},
  pages = {99--116},
  number = {1},
  doi = {10.1002/jgt.3190130114},
  issn = {1097-0118},
  publisher = {Wiley Subscription Services, Inc., A Wiley Company},
  url = {http://dx.doi.org/10.1002/jgt.3190130114}
}

@inproceedings{ChandraDNS1992,
 author = {Chandra, Barun and Das, Gautam and Narasimhan, Giri and Soares, Jos{\'e}},
 title = {New sparseness results on graph spanners},
 booktitle = {Proceedings of the Eighth Annual Symposium on Computational Geometry},
 series = {SCG '92},
 year = {1992},
 isbn = {0-89791-517-8},
 location = {Berlin, Germany},
 pages = {192--201},
 numpages = {10},
 url = {http://doi.acm.org/10.1145/142675.142717},
 doi = {10.1145/142675.142717},
 acmid = {142717},
 publisher = {ACM},
 address = {New York, NY, USA},
} 

@article{BaswanaKMP2010,
 author = {Baswana, Surender and Kavitha, Telikepalli and Mehlhorn, Kurt and Pettie, Seth},
 title = {Additive spanners and ($\alpha$, $\beta$)-spanners},
 journal = {ACM Trans. Algorithms},
 issue_date = {November 2010},
 volume = {7},
 number = {1},
 month = dec,
 year = {2010},
 issn = {1549-6325},
 pages = {5:1--5:26},
 articleno = {5},
 numpages = {26},
 url = {http://doi.acm.org/10.1145/1868237.1868242},
 doi = {10.1145/1868237.1868242},
 acmid = {1868242},
 publisher = {ACM},
 address = {New York, NY, USA},
 keywords = {Spanner, metric embedding},
} 

@article{DuckworthZ2000,
title = "Sparse Hypercube 3-spanners ",
journal = "Discrete Applied Mathematics ",
volume = "103",
number = "1–3",
pages = "289 - 295",
year = "2000",
note = "",
issn = "0166-218X",
doi = "http://dx.doi.org/10.1016/S0166-218X(99)00246-2",
url = "http://www.sciencedirect.com/science/article/pii/S0166218X99002462",
author = "W. Duckworth and M. Zito",
keywords = "Hypercube",
keywords = "Spanner",
keywords = "Cartesian product",
keywords = "Dominating set "
}

@article{DraganFG2011b,
 author = {Dragan, Feodor F. and Fomin, Fedor V. and Golovach, Petr A.},
 title = {Approximation of minimum weight spanners for sparse graphs},
 journal = {Theor. Comput. Sci.},
 issue_date = {March, 2011},
 volume = {412},
 number = {8-10},
 month = mar,
 year = {2011},
 issn = {0304-3975},
 pages = {846--852},
 numpages = {7},
 url = {http://dx.doi.org/10.1016/j.tcs.2010.11.034},
 doi = {10.1016/j.tcs.2010.11.034},
 acmid = {1930803},
 publisher = {Elsevier Science Publishers Ltd.},
 address = {Essex, UK},
 keywords = {Approximation, Graph algorithms, Graph spanners},
} 

@ARTICLE{CaiK1993,
  author = {Leizhen Cai and J. Mark Keil},
  title = {Degree-Bounded Spanners},
  journal = {Parallel Processing Letters},
  year = {1993},
  volume = {3},
  pages = {457-468},
  bibsource = {DBLP, http://dblp.uni-trier.de},
  ee = {http://dx.doi.org/10.1142/S0129626493000484},
  timestamp = {2013.10.16}
}

@article{ElkinP2007,
 author = {Elkin, Michael and Peleg, David},
 title = {The Hardness of Approximating Spanner Problems},
 journal = {Theor. Comp. Sys.},
 issue_date = {December 2007},
 volume = {41},
 number = {4},
 month = dec,
 year = {2007},
 issn = {1432-4350},
 pages = {691--729},
 numpages = {39},
 url = {http://dx.doi.org/10.1007/s00224-006-1266-2},
 doi = {10.1007/s00224-006-1266-2},
 acmid = {1326300},
 publisher = {Springer-Verlag New York, Inc.},
 address = {Secaucus, NJ, USA},
}

@MISC{Niedermeier2002,
    author = {Rolf Niedermeier},
    title = {Invitation to Fixed-Parameter Algorithms},
    year = {2002}
}

@book{FlumG2006,
 author = {Flum, J. and Grohe, M.},
 title = {Parameterized Complexity Theory (Texts in Theoretical Computer Science. An EATCS Series)},
 year = {2006},
 isbn = {3540299521},
 publisher = {Springer-Verlag New York, Inc.},
 address = {Secaucus, NJ, USA},
} 

@article{BrandstadtDLL2004,
 author = {Brandst\"{a}dt, Andreas and Dragan, Feodor F. and Le, Ho\`{a}ng-Oanh and Le, Van Bang},
 title = {Tree spanners on chordal graphs: complexity and algorithms},
 journal = {Theor. Comput. Sci.},
 issue_date = {01 January 2004},
 volume = {310},
 number = {1-3},
 month = jan,
 year = {2004},
 issn = {0304-3975},
 pages = {329--354},
 numpages = {26},
 url = {http://dx.doi.org/10.1016/S0304-3975(03)00424-9},
 doi = {10.1016/S0304-3975(03)00424-9},
 acmid = {967718},
 publisher = {Elsevier Science Publishers Ltd.},
 address = {Essex, UK},
 keywords = {NP-completeness, chordal graphs, distance, efficient graph algorithms, spanners, spanning trees, tree spanners},
} 

@article{BrandstadtDLLU2007,
 author = {Brandstadt, Andreas and Dragan, Feodor F. and Le, Hoang-Oanh and Le, Van Bang and Uehara, Ryuhei},
 title = {Tree Spanners for Bipartite Graphs and Probe Interval Graphs},
 journal = {Algorithmica},
 issue_date = {January 2007},
 volume = {47},
 number = {1},
 month = jan,
 year = {2007},
 issn = {0178-4617},
 pages = {27--51},
 numpages = {25},
 url = {http://dx.doi.org/10.1007/s00453-006-1209-y},
 doi = {10.1007/s00453-006-1209-y},
 acmid = {1229779},
 publisher = {Springer-Verlag New York, Inc.},
 address = {Secaucus, NJ, USA},
}

@incollection{SigurdZ2004,
year={2004},
isbn={978-3-540-23025-0},
booktitle={Algorithms – ESA 2004},
volume={3221},
series={Lecture Notes in Computer Science},
editor={Albers, Susanne and Radzik, Tomasz},
doi={10.1007/978-3-540-30140-0_70},
title={Construction of Minimum-Weight Spanners},
url={http://dx.doi.org/10.1007/978-3-540-30140-0_70},
publisher={Springer Berlin Heidelberg},
author={Sigurd, Mikkel and Zachariasen, Martin},
pages={797-808},
language={English}
}

@techreport{PelegT2001,
 author = {Peleg, D. and Tendler, D.},
 title = {Low Stretch Spanning Trees for Planar Graphs,},
 year = {2001},
 publisher = {Weizmann Science Press of Israel},
 address = {Jerusalem, Israel, Israel},
 institution = {The Weizmann Institute of Science}
}

@incollection{PelegR1999,
year={1999},
isbn={978-3-540-66224-2},
booktitle={Automata, Languages and Programming},
volume={1644},
series={Lecture Notes in Computer Science},
editor={Wiedermann, Jiří and van Emde Boas, Peter and Nielsen, Mogens},
doi={10.1007/3-540-48523-6_58},
title={A Variant of the Arrow Distributed Directory with Low Average Complexity (Extended Abstract)},
url={http://dx.doi.org/10.1007/3-540-48523-6_58},
publisher={Springer Berlin Heidelberg},
author={Peleg, David and Reshef, Eilon},
pages={615-624},
language={English}
}

@article{EmekP2008,
author = {Emek, Y. and Peleg, D.},
title = {Approximating Minimum Max-Stretch Spanning Trees on Unweighted Graphs},
journal = {SIAM Journal on Computing},
volume = {38},
number = {5},
pages = {1761-1781},
year = {2008},
doi = {10.1137/060666202},
}

@incollection{DehneLS2005,
year={2005},
isbn={978-3-540-28101-6},
booktitle={Algorithms and Data Structures},
volume={3608},
series={Lecture Notes in Computer Science},
editor={Dehne, Frank and López-Ortiz, Alejandro and Sack, Jörg-Rüdiger},
doi={10.1007/11534273_12},
title={Max-stretch Reduction for Tree Spanners},
url={http://dx.doi.org/10.1007/11534273_12},
publisher={Springer Berlin Heidelberg},
author={Iwama, Kazuo and Lingas, Andrzej and Okita, Masaki},
pages={122-133},
language={English}
}

@article{GoemansW1995,
  Title                    = {A General Approximation Technique for Constrained Forest Problems},
  Author                   = {Michel X. Goemans and David P. Williamson},
  Journal                  = {SIAM Journal on Computing},
  Year                     = {1995},
  Number                   = {2},
  Pages                    = {296-317},
  Volume                   = {24},

  Doi                      = {10.1137/S0097539793242618},
  Eprint                   = { http://dx.doi.org/10.1137/S0097539793242618 
},
  Url                      = { http://dx.doi.org/10.1137/S0097539793242618 
}
}

@inproceedings{DinitzK2011,
 author = {Dinitz, Michael and Krauthgamer, Robert},
 title = {Directed Spanners via Flow-based Linear Programs},
 booktitle = {Proceedings of the Forty-third Annual ACM Symposium on Theory of Computing},
 series = {STOC '11},
 year = {2011},
 isbn = {978-1-4503-0691-1},
 location = {San Jose, California, USA},
 pages = {323--332},
 numpages = {10},
 url = {http://doi.acm.org/10.1145/1993636.1993680},
 doi = {10.1145/1993636.1993680},
 acmid = {1993680},
 publisher = {ACM},
 address = {New York, NY, USA},
 keywords = {approximation algorithms, linear programming, spanners},
} 

@INPROCEEDINGS{DinitzK2011b,
    author = {Michael Dinitz and Robert Krauthgamer},
    title = {Fault-tolerant spanners: Better and simpler},
    booktitle = {In PODC},
    year = {2011}
}

@article{DraganK2014,
 author = {Dragan, Feodor F. and K\"{o}hler, Ekkehard},
 title = {An Approximation Algorithm for the Tree t-Spanner Problem on Unweighted Graphs via Generalized Chordal Graphs},
 journal = {Algorithmica},
 issue_date = {August    2014},
 volume = {69},
 number = {4},
 month = aug,
 year = {2014},
 issn = {0178-4617},
 pages = {884--905},
 numpages = {22},
 url = {http://dx.doi.org/10.1007/s00453-013-9765-4},
 doi = {10.1007/s00453-013-9765-4},
 acmid = {2628899},
 publisher = {Springer-Verlag New York, Inc.},
 address = {Secaucus, NJ, USA}
}

@article{RobertsonS1986,
title = "Graph minors. II. Algorithmic aspects of tree-width ",
journal = "Journal of Algorithms ",
volume = "7",
number = "3",
pages = "309 - 322",
year = "1986",
note = "",
issn = "0196-6774",
doi = "http://dx.doi.org/10.1016/0196-6774(86)90023-4",
author = "Neil Robertson and P.D Seymour"
}


@Book{eco:09,
 author   = {Umberto Eco},
 title    = {Como se Faz uma Tese},
 edition  = {22º},
 publisher= {Perspectiva},
 note     = {Tradução Gilson Cesar Cardoso de Souza},
 year     = {2009},
}

@Book{zobel:04,
 author   = {Justin Zobel},
 title    = {Writing for Computer Science: The art of effective communication},
 publisher= {Springer},
 edition  = {Segunda},
 year     = {2004},
}

@Book{waz:09,
 author   = {Raul S. Wazlawick},
 title    = {Metodologia de Pesquisa em Ciencia da Computação},
 publisher= {Campus},
 edition  = {Primeira},
 year     = {2009},
}

@Book{Higham:98,
 author   = {Nicholas J. Higham},
 title    = {Handbook of Writing for the Mathematical Sciences},
 edition  = {segunda},
 publisher= {SIAM: Society for Industrial and Applied Mathematics},
 month    = Aug,
 year     = {1998},
}

@book{Knuth:96,
 author   = {Donald E. Knuth and Tracy Larrabee and Paul M. Roberts},
 title    = {Mathematical Writing},
 publisher= {The Mathematical Association of America},
 month    = Sep,
 year     = {1996}
}

@InProceedings{alves03:simi,
 author   = {Carlos E. R. Alves and Edson N. Cáceres and Frank Dehne and Siang W. Song},
 title    = {A Parallel Wavefront Algorithm for Efficient Biological Sequence Comparison},
 booktitle= {ICCSA '03: The 2003 International Conference on Computational Science and its Applications},
 year     = {2003},
 pages    = {249-258},
 month    = May,
 publisher= {Springer-Verlag}
}

@Article{MenaChalco08,
 author   = {Jesús P. Mena-Chalco and Helaine Carrer and Yossi Zana and Roberto M. Cesar-Jr.},
 title    = {Identification of protein coding regions using the modified {G}abor-wavelet transform},
 journal  = {IEEE/ACM Transactions on Computational Biology and Bioinformatics},
 volume   = {5},
 pages    = {198-207},
 year     = {2008},
}

@Techreport{alvisi99:analysisCIC,
 author   = {Lorenzo Alvisi and Elmootazbellah Elnozahy and Sriram S. Rao and Syed A. Husain and Asanka Del Mel},
 title    = {An Analysis of Comunication-Induced Checkpointing},
 institution= {Department of Computer Science, University of Texas at Austin},
 year     = {1999},
 number   = {TR-99-01},
 address  = {Austin, {USA}}
}

@Misc{gridftp,
 author   = {William Allcock},
 title    = {{GridFTP} protocol specification. {Global Grid Forum} Recommendation ({GFD}.20)},
 year     = {2003}
}

@Book{JW82,
 author   = {Richard A. Johnson and Dean W. Wichern},
 title    = {Applied Multivariate Statistical Analysis},
 publisher= {Prentice-Hall},
 year     = {1983}
}

@Manual{CORBA:spec,
 title    = {{CORBA v3.0 Specification}},
 author   = {{Object Management Group}},
 month    = Jul,
 year     = {2002},
 note     = {{OMG Document 02-06-33}}
}

@PhdThesis{garcia01:PhD,
 author   = {Islene C. Garcia},
 title    = {Visões Progressivas de Computações Distribuídas},
 school   = {Instituto de Computação, Universidade de Campinas, Brasil},
 year     = {2001},
 month    = {Dezembro}
}

@Conference{bronevetsky02,
 author   = {Greg Bronevetsky and Daniel Marques and Keshav Pingali and Paul Stodghill},
 title    = {Automated application-level checkpointing of {MPI} programs},
 booktitle= {PPoPP '03: Proceedings of the 9th ACM SIGPLAN Symposium on Principles and Practice of Parallel Programming},
 year     = {2003},
 pages    = {84-89}
}

@InCollection{bobaoglu93:concepts,
 author   = {Ozalp Babaoglu and Keith Marzullo},
 title    = {Consistent Global States of Distributed Systems: Fundamental Concepts and Mechanisms},
 editor   = {Sape Mullender},
 booktitle= {Distributed Systems},
 edition  = {segunda},
 year     = {1993},
 pages    = {55-96}
}

@MastersThesis{schmidt03:MSc,
 author   = {Rodrigo M. Schmidt},
 title    = {Coleta de Lixo para Protocolos de \emph{Checkpointing}},
 school   = {Instituto de Computação, Universidade de Campinas, Brasil},
 year     = {2003},
 month    = Oct
}

@Misc{fowler04:designDead,
 author   = {Martin Fowler},
 title    = {Is Design Dead?},
 year     = {2004},
 month    = May,
 note     = {Último acesso em 30/1/2010},
 howpublished= {\url{http://martinfowler.com/articles/designDead.html}},
}

@Misc{FSF:GNU-GPL,
 author   = {Free Software Foundation},
 title    = {{GNU} general public license},
 note     = {Último acesso em 30/1/2010},
 howpublished= {\url{http://www.gnu.org/copyleft/gpl.html}},
}

@article{alon09:how,
 author   = {Uri Alon},
 title    = {{How To Choose a Good Scientific Problem}},
 journal  = {Molecular Cell},
 year     = {2009},
 volume   = {35},
 number   = {6},
 pages    = {726--728},
 publisher= {Cell Press},
 month    = sep,
 doi      = {10.1016/j.molcel.2009.09.013},
}

@book{tufte01:visualDisplay,
 author   = {Edward Tufte},
 title    = {The Visual Display of Quantitative Information},
 year     = {2001},
 edition  = {2nd},
 publisher= {Graphics Pr},
 month    = may,
}

