@article {Peleg1989,
author = {Peleg, David and Sch\"{a}ffer, Alejandro A.},
title = {Graph spanners},
journal = {Journal of Graph Theory},
volume = {13},
number = {1},
pages = {99--116},
year = {1989}
}

@inproceedings{Elkin2003,
 author = {Elkin, Michael and Kortsarz, Guy},
 title = {Approximation algorithm for directed telephone multicast problem},
 booktitle = {ICALP'03},
 year = {2003},
 isbn = {3-540-40493-7},
 location = {Eindhoven, The Netherlands},
 pages = {212--223},
 numpages = {12},
 acmid = {1759233},
 publisher = {Springer-Verlag},
 address = {Berlin, Heidelberg},
} 

@article{Elkin2006,
 author = {Elkin, Michael and Kortsarz, Guy},
 title = {An Approximation Algorithm for the Directed Telephone Multicast Problem},
 journal = {Algorithmica},
 volume = {45},
 issue = {4},
 month = {August},
 year = {2006},
 issn = {0178-4617},
 pages = {569--583},
 numpages = {15},
 acmid = {1147930},
 publisher = {Springer-Verlag New York, Inc.},
 address = {Secaucus, NJ, USA},
}

@INPROCEEDINGS{Chekuri2004,
    author = {Chandra Chekuri and Amit Kumar},
    title = {Maximum coverage problem with group budget constraints and applications},
    booktitle = {APPROX-RANDOM},
    year = {2004},
    pages = {72--83},
    publisher = {Springer-Verlag New York, Inc.}
} 

@inproceedings{Fraigniaud2001,
 author = {Fraigniaud, Pierre},
 title = {Approximation Algorithms for Minimum-Time Broadcast under the Vertex-Disjoint Paths Mode},
 booktitle = {Proceedings of the 9th Annual European Symposium on Algorithms},
 series = {ESA '01},
 year = {2001},
 isbn = {3-540-42493-8},
 pages = {440--451},
 numpages = {12},
 acmid = {740491},
 publisher = {Springer-Verlag},
 address = {London, UK},
} 

@inproceedings{Yao2006,
 author = {Yao, Guohui and Zhu, Daming and Ma, Shaohan},
 title = {The minimum degree spanning tree problem on directed acyclic graphs},
 booktitle = {Proceedings of the 6th WSEAS international conference on Applied computer science},
 series = {ACS'06},
 year = {2006},
 isbn = {960-8457-57-2},
 location = {Canary Islands, Spain},
 pages = {311--316},
 numpages = {6},
 acmid = {1973874},
 publisher = {World Scientific and Engineering Academy and Society (WSEAS)},
 address = {Stevens Point, Wisconsin, USA}
}

@article{Oliveira2005,
 author = {Oliveira, Carlos A. S. and Pardalos, Panos M.},
 title = {A survey of combinatorial optimization problems in multicast routing},
 journal = {Comput. Oper. Res.},
 volume = {32},
 issue = {8},
 month = {August},
 year = {2005},
 issn = {0305-0548},
 pages = {1953--1981},
 numpages = {29},
 acmid = {1063437},
 publisher = {Elsevier Science Ltd.},
 address = {Oxford, UK, UK},
 keywords = {combinatorial optimization, multicast routing, networks},
} 

@TECHREPORT{Nguyen2008,
  author = {Uyen Trang Nguyen and Hoang Lan Nguyen},
  title = {Multicast Routing Algorithms},
  institution = {York University},
  year = {2008},
  number = {CSE-2008-08}
}

@INPROCEEDINGS{Chung1998,
author={Sung-Jin Chung and Sung-Pil Hong and Sang-Baeg Kim and Hoo-Sang Chung},
booktitle={Global Telecommunications Conference, 1998. GLOBECOM 98. The Bridge to Global Integration. IEEE},
title={Algorithms for the degree-constrained multicast trees in packet-switched networks},
year={1998},
month={},
volume={2},
number={},
pages={1054--1059},
}

@article{Furer1994,
 author = {F\"{u}rer, Martin and Raghavachari, Balaji},
 title = {Approximating the minimum-degree Steiner tree to within one of optimal},
 journal = {J. Algorithms},
 volume = {17},
 issue = {3},
 month = {November},
 year = {1994},
 issn = {0196-6774},
 pages = {409--423},
 numpages = {15},
 acmid = {190150},
 publisher = {Academic Press, Inc.},
 address = {Duluth, MN, USA},
} 

@article{DeZhong1993,
 author = {De Zhong, Wen and Kaniyil, Jaidev and Onozato, Y.},
 title = {A copy network with shared buffers for large-scale multicast ATM switching},
 journal = {IEEE/ACM Trans. Netw.},
 volume = {1},
 issue = {2},
 month = {April},
 year = {1993},
 issn = {1063-6692},
 pages = {157--165},
 numpages = {9},
 acmid = {153378},
 publisher = {IEEE Press},
 address = {Piscataway, NJ, USA},
} 

@ARTICLE{Rouskas1997,
author={Rouskas, G.N. and Baldine, I.},
journal={Selected Areas in Communications, IEEE Journal on},
title={Multicast routing with end-to-end delay and delay variation constraints},
year={1997},
month={apr},
volume={15},
number={3},
pages={346 -356},
ISSN={0733-8716},
}

@ARTICLE{Raghavan1998,
  author = {Sriram Raghavan and G. Manimaran and C. Siva Ram Murthy},
  title = {Algorithms for delay-constrained low-cost multicast tree construction},
  journal = {Comp. Communications},
  year = {1998},
  volume = {21},
  pages = {1693-1706}
}

@article {Feng1999,
author = {Feng, Gang and Yum, Tak-Shing Peter},
title = {Efficient multicast routing with delay constraints},
journal = {International Journal of Communication Systems},
volume = {12},
number = {3},
publisher = {John Wiley {\&} Sons, Ltd.},
issn = {1099-1131},
pages = {181--195},
year = {1999}
}

@INPROCEEDINGS{Sun1995,
  author = {Quan Sun and Horst Langend√∂rfer},
  title = {Efficient Multicast Routing for Delay-Sensitive Applications},
  booktitle = {Proc. Second Workshop on Protocols for Multimedia Systems (PROMS},
  year = {1995},
  pages = {452--458}
}

@INPROCEEDINGS{Wang2005,
  author = {Yanlin Wang and Ying Lu and Yugeng Sun},
  title = {A degree-constrained multicast routing algorithm for multimedia communications},
  booktitle = {Proceedings of the SPIE, Network Architectures, Management, and Applications III},
  year = {2005},
  volume = {6022},
  pages = {1023-1031}
}

@INPROCEEDINGS{Wang2005b,
  author = {Yanlin Wang and Yugeng Sun and Guidan Li},
  title = {Degree-constrained multicast routing for multimedia communications},
  booktitle = {Proceedings of the SPIE, Network Architectures, Management, and Applications II},
  year = {2005},
  volume = {5626},
}

@INPROCEEDINGS{Chen2004,
author={Lin Chen and ZhiYun Yang and ZhengQuan Xu},
booktitle={Computer and Information Technology, 2004. CIT '04. The Fourth International Conference on},
title={A degree-delay-constrained genetic algorithm for multicast routing tree},
year={2004},
month={sept.},
pages={ 1033-1038}}

@ARTICLE{Parsa1998,
author={Parsa, M. and Qing Zhu and Garcia-Luna-Aceves, J.J.},
journal={Networking, IEEE/ACM Transactions on}, 
title={An iterative algorithm for delay-constrained minimum-cost multicasting},
year={1998},
volume={6},
number={4},
pages={461-474},
ISSN={1063-6692},}

@ARTICLE{Zhengying2001,
AUTHOR = {Wang Zhengying and Shi Bingxin and Zhao Erdun},
TITLE = {Bandwidth-delay-constrained least-cost multicast routing based on heuristic genetic algorithm},
JOURNAL = {Computer Communications},
PAGES = {685-692},
YEAR = {2001}  
}

@ARTICLE{Wang2009,
author={Lipo Wang and Wen Liu and Haixiang Shi},
journal={Computers, IEEE Transactions on},
title={Delay-Constrained Multicast Routing Using the Noisy Chaotic Neural Networks},
year={2009},
volume={58},
number={1},
pages={82-89},
ISSN={0018-9340},}

@INPROCEEDINGS{Chung1997,
author={Sung-Jin Chung and Sung-Pil Hong and Hong-Suk Huh},
booktitle={Global Telecommunications Conference, 1997. GLOBECOM '97., IEEE},
title={A fast multicast routing algorithm for delay-sensitive applications },
year={1997},
month={nov},
volume={3},
number={},
pages={1898 -1902 vol.3},
ISSN={},}

@ARTICLE{Kompella1993,
author={Kompella, V.P. and Pasquale, J.C. and Polyzos, G.C.},
journal={Networking, IEEE/ACM Transactions on},
title={Multicast routing for multimedia communication},
year={1993},
month={jun},
volume={1},
number={3},
pages={286 -292},
ISSN={1063-6692},}

@book{Cormen2009,
  author = {Cormen, Thomas H. and Leiserson, Charles E. and Rivest, Ronald L. and Stein, Clifford},
  edition = 3,
  publisher = {The MIT Press},
  title = {Introduction to Algorithms},
  year = 2009
}

@inproceedings{Arya1995,
 author = {Arya, Sunil and Das, Gautam and Mount, David M. and Salowe, Jeffrey S. and Smid, Michiel},
 title = {Euclidean spanners: short, thin, and lanky},
 booktitle = {Proceedings of the twenty-seventh annual ACM symposium on Theory of computing},
 series = {STOC '95},
 year = {1995},
 isbn = {0-89791-718-9},
 location = {Las Vegas, Nevada, United States},
 pages = {489--498},
 numpages = {10},
 acmid = {225191},
 publisher = {ACM},
 address = {New York, NY, USA},
} 

@inproceedings{Dinitz2008,
 author = {Dinitz, Yefim and Elkin, Michael and Solomon, Shay},
 title = {Shallow-Low-Light Trees, and Tight Lower Bounds for Euclidean Spanners},
 booktitle = {Proceedings of the 2008 49th Annual IEEE Symposium on Foundations of Computer Science},
 series = {FOCS '08},
 year = {2008},
 isbn = {978-0-7695-3436-7},
 pages = {519--528},
 numpages = {10},
 acmid = {1470601},
 publisher = {IEEE Computer Society},
 address = {Washington, DC, USA},
 keywords = {Computational Geometry, Euclidean Spanners, Low-Distortion Embeddings, Spanners},
} 

@article{Kortsarz1999,
 author = {Kortsarz, Guy and Peleg, David},
 title = {Approximating the weight of shallow Steiner trees},
 journal = {Discrete Appl. Math.},
 issue_date = {July 20, 1999},
 volume = {93},
 number = {2-3},
 month = jul,
 year = {1999},
 issn = {0166-218X},
 pages = {265--285},
 numpages = {21},
 acmid = {328905},
 publisher = {Elsevier Science Publishers B. V.},
 address = {Amsterdam, The Netherlands, The Netherlands},
} 

@inproceedings{Chan2003,
 author = {Chan, Timothy M.},
 title = {Euclidean bounded-degree spanning tree ratios},
 booktitle = {Proceedings of the nineteenth annual symposium on Computational geometry},
 series = {SCG '03},
 year = {2003},
 isbn = {1-58113-663-3},
 location = {San Diego, California, USA},
 pages = {11--19},
 numpages = {9},
 acmid = {777795},
 publisher = {ACM},
 address = {New York, NY, USA},
 keywords = {approximation, discrete geometry, minimum spanning trees},
}

@article{Fekete1997,
title = "A Network-Flow Technique for Finding Low-Weight Bounded-Degree Spanning Trees",
journal = "Journal of Algorithms",
volume = "24",
number = "2",
pages = "310 - 324",
year = "1997",
note = "",
issn = "0196-6774",
author = "S√°ndor P Fekete and Samir Khuller and Monika Klemmstein and Balaji Raghavachari and Neal Young"
}

@inproceedings{Monma1991,
 author = {Monma, Clyde and Suri, Subhash},
 title = {Transitions in geometric minimum spanning trees (extended abstract)},
 booktitle = {Proceedings of the seventh annual symposium on Computational geometry},
 series = {SCG '91},
 year = {1991},
 isbn = {0-89791-426-0},
 location = {North Conway, New Hampshire, United States},
 pages = {239--249},
 numpages = {11},
 acmid = {109675},
 publisher = {ACM},
 address = {New York, NY, USA},
} 

@inproceedings{Lukovszki1999,
 author = {Lukovszki, Tam\'{a}s},
 title = {New Results of Fault Tolerant Geometric Spanners},
 booktitle = {Proceedings of the 6th International Workshop on Algorithms and Data Structures},
 series = {WADS '99},
 year = {1999},
 isbn = {3-540-66279-0},
 pages = {193--204},
 numpages = {12},
 acmid = {673192},
 publisher = {Springer-Verlag},
 address = {London, UK, UK},
} 

@inproceedings{Farshi2007,
 author = {Farshi, Mohammad and Gudmundsson, Joachim},
 title = {Experimental study of geometric t-spanners: a running time comparison},
 booktitle = {Proceedings of the 6th international conference on Experimental algorithms},
 series = {WEA'07},
 year = {2007},
 isbn = {978-3-540-72844-3},
 location = {Rome, Italy},
 pages = {270--284},
 numpages = {15},
 acmid = {1768598},
 publisher = {Springer-Verlag},
 address = {Berlin, Heidelberg},
}

@Article{Lukovszki2006,
  author =     "Tam√°s Lukovszki and Christian Schindelhauer and Klaus Volbert",
  title =      "Resource Efficient Maintenance of Wireless Network Topologies",
  journal = "j-jucs", 
  year = "2006", 
  volume = "12", 
  number = "9", 
  pages = "1292--1311", 
  date = "2006-09-28", 
  month = "sep"
} 

@INPROCEEDINGS{Grunewald2002,
    author = {Matthias Gr√ºnewald and Tam√°s Lukovszki and Christian Schindelhauer and Klaus Volbert},
    title = {Distributed Maintenance of Resource Efficient Wireless Network Topologies (Extended Abstract)},
    booktitle = {European Conference On Parallel Computing (EUROPAR},
    year = {2002},
    pages = {935--946},
    publisher = {}
}

@incollection {Berman2011,
   author = {Berman, Piotr and Bhattacharyya, Arnab and Makarychev, Konstantin and Raskhodnikova, Sofya and Yaroslavtsev, Grigory},
   affiliation = {Pennsylvania State University, USA},
   title = {Improved Approximation for the Directed Spanner Problem},
   booktitle = {Automata, Languages and Programming},
   series = {Lecture Notes in Computer Science},
   editor = {Aceto, Luca and Henzinger, Monika and Sgall, Jir√≠},
   publisher = {Springer Berlin-Heidelberg},
   isbn = {978-3-642-22005-0},
   keyword = {Computer Science},
   pages = {1-12},
   volume = {6755},
   year = {2011}
}

@inproceedings{Dinitz2011,
 author = {Dinitz, Michael and Krauthgamer, Robert},
 title = {Directed spanners via flow-based linear programs},
 booktitle = {Proceedings of the 43rd annual ACM symposium on Theory of computing},
 series = {STOC '11},
 year = {2011},
 isbn = {978-1-4503-0691-1},
 location = {San Jose, California, USA},
 pages = {323--332},
 numpages = {10},
 acmid = {1993680},
 publisher = {ACM},
 address = {New York, NY, USA},
 keywords = {approximation algorithms, linear programming, spanners},
} 

@article{Fomin2011,
 author = {Fomin, Fedor V. and Golovach, Petr A. and van Leeuwen, Erik Jan},
 title = {Spanners of bounded degree graphs},
 journal = {Inf. Process. Lett.},
 issue_date = {January, 2011},
 volume = {111},
 number = {3},
 month = jan,
 year = {2011},
 issn = {0020-0190},
 pages = {142--144},
 numpages = {3},
 acmid = {1920727},
 publisher = {Elsevier North-Holland, Inc.},
 address = {Amsterdam, The Netherlands, The Netherlands},
 keywords = {Fixed-parameter tractability, Graph algorithms, Graph spanners, NP-hardness},
} 

@incollection {Khandekar2011,
   author = {Khandekar, Rohit and Kortsarz, Guy and Nutov, Zeev},
   affiliation = {IBM T.J. Watson Research Center, USA},
   title = {Network-Design with Degree Constraints},
   booktitle = {Approximation, Randomization, and Combinatorial Optimization. Algorithms and Techniques},
   series = {Lecture Notes in Computer Science},
   editor = {Goldberg, Leslie and Jansen, Klaus and Ravi, R. and Rolim, Jos√©},
   publisher = {Springer Berlin},
   isbn = {978-3-642-22934-3},
   keyword = {Computer Science},
   pages = {289-301},
   volume = {6845},
   year = {2011}
}

@inproceedings{Goemans2006,
 author = {Goemans, Michel X.},
 title = {Minimum Bounded Degree Spanning Trees},
 booktitle = {Proceedings of the 47th Annual IEEE Symposium on Foundations of Computer Science},
 series = {FOCS '06},
 year = {2006},
 isbn = {0-7695-2720-5},
 pages = {273--282},
 numpages = {10},
 acmid = {1170508},
 publisher = {IEEE Computer Society},
 address = {Washington, DC, USA}
} 

@inproceedings{Singh2007,
 author = {Singh, Mohit and Lau, Lap Chi},
 title = {Approximating minimum bounded degree spanning trees to within one of optimal},
 booktitle = {Proceedings of the thirty-ninth annual ACM symposium on Theory of computing},
 series = {STOC '07},
 year = {2007},
 isbn = {978-1-59593-631-8},
 location = {San Diego, California, USA},
 pages = {661--670},
 numpages = {10},
 acmid = {1250887},
 publisher = {ACM},
 address = {New York, NY, USA},
 keywords = {approximation algorithm, bounded degree, iterative rounding, spanning trees}
} 

@article{Bansal2009,
 author = {Bansal, Nikhil and Khandekar, Rohit and Nagarajan, Viswanath},
 title = {Additive Guarantees for Degree-Bounded Directed Network Design},
 journal = {SIAM J. Comput.},
 issue_date = {September 2009},
 volume = {39},
 number = {4},
 month = oct,
 year = {2009},
 issn = {0097-5397},
 pages = {1413--1431},
 numpages = {19},
 acmid = {1898219},
 publisher = {Society for Industrial and Applied Mathematics},
 address = {Philadelphia, PA, USA},
 keywords = {approximation algorithms, directed graphs, network design},
} 

@article{Nutov2011,
 author = {Nutov, Zeev},
 title = {Approximating directed weighted-degree constrained networks},
 journal = {Theor. Comput. Sci.},
 issue_date = {March, 2011},
 volume = {412},
 number = {8-10},
 month = mar,
 year = {2011},
 issn = {0304-3975},
 pages = {901--912},
 numpages = {12},
 acmid = {1930808},
 publisher = {Elsevier Science Publishers Ltd.},
 address = {Essex, UK},
 keywords = {Bicriteria approximation algorithms, Directed network design, Intersecting supermodular requirements, Weighted degree constraints},
} 

@TechReport{Feder2006,
author = {Fom√°s Feder and Rajeev Motwani and An Zhu},
title = {k-Connected Spanning Subgraphs of Low Degree},
institution = {Electronic Colloquium on Computational Complexity},
year = {2006},
number = {041},
}

@inproceedings{Ravi1992,
 author = {Ravi, R. and Raghavachari, Balaji and Klein, Philip N.},
 title = {Approximation Through Local Optimality: Designing Networks with Small Degree},
 booktitle = {Proceedings of the 12th Conference on Foundations of Software Technology and Theoretical Computer Science},
 year = {1992},
 isbn = {3-540-56287-7},
 pages = {279--290},
 numpages = {12},
 acmid = {707571},
 publisher = {Springer-Verlag},
 address = {London, UK, UK},
} 

@inproceedings{Elkin2009,
  author    = {Michael Elkin and
               Shay Solomon},
  title     = {Narrow-Shallow-Low-Light Trees with and without Steiner
               Points},
  booktitle = {ESA},
  year      = {2009},
  pages     = {215-226}
}

@article{Elkin2011,
 author = {Elkin, Michael and Solomon, Shay},
 title = {Narrow-Shallow-Low-Light Trees with and without Steiner Points},
 journal = {SIAM J. Discret. Math.},
 issue_date = {January 2011},
 volume = {25},
 number = {1},
 month = feb,
 year = {2011},
 issn = {0895-4801},
 pages = {181--210},
 numpages = {30},
 acmid = {2078678},
 publisher = {Society for Industrial and Applied Mathematics},
 address = {Philadelphia, PA, USA},
 keywords = {Euclidean spanners, Steiner points, finite metric spaces, spanning trees},
} 

@article{Calinescu2011,
  author    = {Gruia C{\u{a}}linescu and
               Chandra Chekuri and
               Martin P{\'a}l and
               Jan Vondr{\'a}k},
  title     = {Maximizing a Monotone Submodular Function Subject to a Matroid
               Constraint},
  journal   = {SIAM J. Comput.},
  volume    = {40},
  number    = {6},
  year      = {2011},
  pages     = {1740-1766},
  bibsource = {DBLP, http://dblp.uni-trier.de}
}

@inproceedings{Elkin2011b,
 author = {Elkin, Michael and Solomon, Shay},
 title = {Steiner Shallow-Light Trees are Exponentially Lighter than Spanning Ones},
 booktitle = {Proceedings of the 2011 IEEE 52nd Annual Symposium on Foundations of Computer Science},
 series = {FOCS '11},
 year = {2011},
 isbn = {978-0-7695-4571-4},
 pages = {373--382},
 numpages = {10},
 acmid = {2082879},
 publisher = {IEEE Computer Society},
 address = {Washington, DC, USA},
}

@article{Hajiaghayi2009,
 author = {Hajiaghayi, Mohammad Taghi and Kortsarz, Guy and Salavatipour, Mohammad R.},
 title = {Approximating Buy-at-Bulk and Shallow-Light k-Steiner Trees},
 journal = {Algorithmica},
 issue_date = {January 2009},
 volume = {53},
 number = {1},
 month = jan,
 year = {2009},
 issn = {0178-4617},
 pages = {89--103},
 numpages = {15},
 acmid = {1486575},
 publisher = {Springer-Verlag New York, Inc.},
 address = {Secaucus, NJ, USA},
}  

@inproceedings{Naor1997,
 author = {Naor, J. and Schieber, B.},
 title = {Improved approximations for shallow-light spanning trees},
 booktitle = {Proceedings of the 38th Annual Symposium on Foundations of Computer Science},
 series = {FOCS '97},
 year = {1997},
 isbn = {0-8186-8197-7},
 pages = {536--},
 acmid = {796340},
 publisher = {IEEE Computer Society},
 address = {Washington, DC, USA}
} 

@book{Schrijver2003,
  author = {Schrijver, Alexander},
  description = {bandit problems},
  publisher = {Springer},
  title = {Combinatorial Optimization - Polyhedra and Efficiency},
  year = 2003
}

@inproceedings{Thorup2001,
 author = {Thorup, Mikkel and Zwick, Uri},
 title = {Compact routing schemes},
 booktitle = {Proceedings of the thirteenth annual ACM symposium on Parallel algorithms and architectures},
 series = {SPAA '01},
 year = {2001},
 isbn = {1-58113-409-6},
 location = {Crete Island, Greece},
 pages = {1--10},
 numpages = {10},
 acmid = {378581},
 publisher = {ACM},
 address = {New York, NY, USA}
} 

@article{Feigenbaum2008,
 author = {Feigenbaum, Joan and Kannan, Sampath and McGregor, Andrew and Suri, Siddharth and Zhang, Jian},
 title = {Graph Distances in the Data-Stream Model},
 journal = {SIAM J. Comput.},
 issue_date = {December 2008},
 volume = {38},
 number = {5},
 month = dec,
 year = {2008},
 issn = {0097-5397},
 pages = {1709--1727},
 numpages = {19},
 acmid = {1654043},
 publisher = {Society for Industrial and Applied Mathematics},
 address = {Philadelphia, PA, USA}
} 

@inproceedings{Elkin2001,
 author = {Elkin, Michael},
 title = {Computing almost shortest paths},
 booktitle = {Proceedings of the twentieth annual ACM symposium on Principles of distributed computing},
 series = {PODC '01},
 year = {2001},
 isbn = {1-58113-383-9},
 location = {Newport, Rhode Island, United States},
 pages = {53--62},
 numpages = {10},
 publisher = {ACM},
 address = {New York, NY, USA}
} 

@article{Baswana2006,
 author = {Baswana, Surender and Sen, Sandeep},
 title = {Approximate distance oracles for unweighted graphs in expected O(n2) time},
 journal = {ACM Trans. Algorithms},
 issue_date = {October 2006},
 volume = {2},
 number = {4},
 month = oct,
 year = {2006},
 issn = {1549-6325},
 pages = {557--577},
 numpages = {21},
 publisher = {ACM},
 address = {New York, NY, USA}
} 

@article{Thorup2005,
 author = {Thorup, Mikkel and Zwick, Uri},
 title = {Approximate distance oracles},
 journal = {J. ACM},
 issue_date = {January 2005},
 volume = {52},
 number = {1},
 month = jan,
 year = {2005},
 issn = {0004-5411},
 pages = {1--24},
 numpages = {24},
 publisher = {ACM},
 address = {New York, NY, USA}
} 

@BOOK{Narasimhan2007,
  title = {Geometric Spanner Networks},
  publisher = {Cambridge University Press},
  year = {2007},
  author = {Giri Narasimhan and Michiel Smid}
}

@article{Liebchen2008,
 author = {Liebchen, Christian and W\"{u}nsch, Gregor},
 title = {The zoo of tree spanner problems},
 journal = {Discrete Appl. Math.},
 issue_date = {March, 2008},
 volume = {156},
 number = {5},
 month = mar,
 year = {2008},
 issn = {0166-218X},
 pages = {569--587},
 numpages = {19},
 publisher = {Elsevier Science Publishers B. V.},
 address = {Amsterdam, The Netherlands, The Netherlands}
} 

@INPROCEEDINGS{Elkin2005,
    author = {Michael Elkin and Daniel A. Spielman and Yuval Emek and Shang-hua Teng},
    title = {Lower-stretch spanning trees},
    booktitle = {STOC'05: Proceedings of the thirty-seventh annual ACM symposium on Theory of computing},
    year = {2005},
    pages = {494--503},
    publisher = {ACM Press}
}

@book{Peleg2000,
 author = {Peleg, David},
 title = {Distributed computing: a locality-sensitive approach},
 year = {2000},
 isbn = {0-89871-464-8},
 publisher = {Society for Industrial and Applied Mathematics},
 address = {Philadelphia, PA, USA}
} 

@article{Venkatesan1997,
 author = {Venkatesan, G. and Rotics, U. and Madanlal, M. S. and Makowsky, J. A. and Rangan, C. Pandu},
 title = {Restrictions of minimum spanner problems},
 journal = {Inf. Comput.},
 issue_date = {Aug. 1, 1997},
 volume = {136},
 number = {2},
 month = aug,
 year = {1997},
 issn = {0890-5401},
 pages = {143--164},
 numpages = {22},
 publisher = {Academic Press, Inc.},
 address = {Duluth, MN, USA}
} 

@article{Schindelhauer2007,
 author = {Schindelhauer, Christian and Volbert, Klaus and Ziegler, Martin},
 title = {Geometric spanners with applications in wireless networks},
 journal = {Comput. Geom. Theory Appl.},
 issue_date = {April, 2007},
 volume = {36},
 number = {3},
 month = apr,
 year = {2007},
 issn = {0925-7721},
 pages = {197--214},
 numpages = {18},
 publisher = {Elsevier Science Publishers B. V.},
 address = {Amsterdam, The Netherlands, The Netherlands}
} 

@book{Williamson2011,
 author = {Williamson, David P. and Shmoys, David B.},
 title = {The Design of Approximation Algorithms},
 year = {2011},
 edition = {1st},
 publisher = {Cambridge University Press},
 address = {New York, NY, USA},
} 

@book{Arora2009,
 author = {Arora, Sanjeev and Barak, Boaz},
 title = {Computational Complexity: A Modern Approach},
 year = {2009},
 edition = {1st},
 publisher = {Cambridge University Press},
 address = {New York, NY, USA},
} 

@article {Nemhauser1978,
   author = {Nemhauser, G. L. and Wolsey, L. A. and Fisher, M. L.},
   affiliation = {Center for Operations Research and Econometrics University of Louvain Louvain-La-Neuve Belgium},
   title = {An analysis of approximations for maximizing submodular set functions-I},
   journal = {Mathematical Programming},
   publisher = {Springer Berlin / Heidelberg},
   pages = {265-294},
   volume = {14},
   issue = {1},
   year = {1978}
}

@incollection {Fisher1978,
   author = {Fisher, M. L. and Nemhauser, G. L. and Wolsey, L. A.},
   affiliation = {University of Pennsylvania Philadelphia PA USA},
   title = {An analysis of approximations for maximizing submodular set functions-II},
   booktitle = {Polyhedral Combinatorics},
   series = {Mathematical Programming Studies},
   publisher = {Springer Berlin Heidelberg},
   pages = {73-87},
   volume = {8},
   year = {1978}
}

@incollection{Korte1978,
title = "An Analysis of the Greedy Heuristic for Independence Systems",
booktitle = "Algorithmic Aspects of Combinatorics",
publisher = "Elsevier",
year = "1978",
volume = "2",
pages = "65 - 74",
series = "Annals of Discrete Mathematics",
author = "Bernhard Korte and Dirk Hausmann"
}

@Misc{DSMDStPLink2012,
author = {Hugo Braga},
title = {Implementation of the algorithms for DSMDStP},
howpublished = {Website},
year = {2012},
note = {url = {https://github.com/hugobraga/College/raw/master/DSMDSt\_Alg.zip}}
}

@book{Fibonacci1987,
  title={The book of squares},
  author={Fibonacci, L. and Sigler, L.E.},
  isbn={9780126431308},
  year={1987},
  publisher={Academic Press}
}
