% !TEX encoding = UTF-8 Unicode
@article{DraganK2014,
 author = {Dragan, Feodor F. and K\"{o}hler, Ekkehard},
 title = {An Approximation Algorithm for the Tree t-Spanner Problem on Unweighted Graphs via Generalized Chordal Graphs},
 journal = {Algorithmica},
 issue_date = {August    2014},
 volume = {69},
 number = {4},
 month = aug,
 year = {2014},
 issn = {0178-4617},
 pages = {884--905},
 numpages = {22},
 url = {http://dx.doi.org/10.1007/s00453-013-9765-4},
 doi = {10.1007/s00453-013-9765-4},
 acmid = {2628899},
 publisher = {Springer-Verlag New York, Inc.},
 address = {Secaucus, NJ, USA},
 keywords = {Approximation algorithms, Balanced separators, Generalized chordal graphs, Graph algorithms, Minimum max-stretch spanning tree problem, Robertson-Seymour's tree-decomposition, Tree t-spanner problem},
}

@incollection{Galbiati2001,
year={2001},
isbn={978-3-540-42985-2},
booktitle={Algorithms and Computation},
volume={2223},
series={Lecture Notes in Computer Science},
editor={Eades, Peter and Takaoka, Tadao},
doi={10.1007/3-540-45678-3_11},
title={On Min-Max Cycle Bases},
url={http://dx.doi.org/10.1007/3-540-45678-3_11},
publisher={Springer Berlin Heidelberg},
author={Galbiati, Giulia},
pages={116-123},
language={English}
}


@article{Awerbuch1985,
 author = {Awerbuch, Baruch},
 title = {Complexity of network synchronization},
 journal = {J. ACM},
 issue_date = {Oct. 1985},
 volume = {32},
 number = {4},
 month = oct,
 year = {1985},
 issn = {0004-5411},
 pages = {804--823},
 numpages = {20},
 url = {http://doi.acm.org/10.1145/4221.4227},
 doi = {10.1145/4221.4227},
 acmid = {4227},
 publisher = {ACM},
 address = {New York, NY, USA}
} 

@article{PelegU1989,
 author = {Peleg, David and Ullman, Jeffrey D.},
 title = {An optimal synchronizer for the hypercube},
 journal = {SIAM J. Comput.},
 issue_date = {Aug. 1989},
 volume = {18},
 number = {4},
 month = aug,
 year = {1989},
 issn = {0097-5397},
 pages = {740--747},
 numpages = {8},
 url = {http://dx.doi.org/10.1137/0218050},
 doi = {10.1137/0218050},
 acmid = {72934},
 publisher = {Society for Industrial and Applied Mathematics},
 address = {Philadelphia, PA, USA},
 timestamp = {2013.10.09}
} 

@inproceedings{PelegU1988,
 author = {Peleg, David and Upfal, Eli},
 title = {A tradeoff between space and efficiency for routing tables},
 booktitle = {Proceedings of the twentieth annual ACM symposium on Theory of computing},
 series = {STOC '88},
 year = {1988},
 isbn = {0-89791-264-0},
 location = {Chicago, Illinois, USA},
 pages = {43--52},
 numpages = {10},
 url = {http://doi.acm.org/10.1145/62212.62217},
 doi = {10.1145/62212.62217},
 acmid = {62217},
 publisher = {ACM},
 address = {New York, NY, USA},
}

@inproceedings{PelegR1999,
 author = {Peleg, David and Reshef, Eilon},
 title = {A Variant of the Arrow Distributed Directory with Low Average Complexity},
 booktitle = {Proceedings of the 26th International Colloquium on Automata, Languages and Programming},
 series = {ICAL '99},
 year = {1999},
 isbn = {3-540-66224-3},
 pages = {615--624},
 numpages = {10},
 url = {http://dl.acm.org/citation.cfm?id=646229.681712},
 acmid = {681712},
 publisher = {Springer-Verlag},
 address = {London, UK, UK},
}

@article{OliveiraP2005,
 author = {Oliveira, Carlos A. S. and Pardalos, Panos M.},
 title = {A survey of combinatorial optimization problems in multicast routing},
 journal = {Comput. Oper. Res.},
 issue_date = {August 2005},
 volume = {32},
 number = {8},
 month = aug,
 year = {2005},
 issn = {0305-0548},
 pages = {1953--1981},
 numpages = {29},
 url = {http://dx.doi.org/10.1016/j.cor.2003.12.007},
 doi = {10.1016/j.cor.2003.12.007},
 acmid = {1063437},
 publisher = {Elsevier Science Ltd.},
 address = {Oxford, UK, UK},
 keywords = {combinatorial optimization, multicast routing, networks},
}

@MASTERSTHESIS{Braga2012,
  author = {Hugo Braga},
  title = {Algorithms for the Directed k-Spanner with Minimum Degree Steiner Tree Problem},
  school = {Universidade Federal da Bahia},
  year = {2012}
}

@incollection{ArikatiCCDSZ1996,
year= {1996},
isbn={978-3-540-61680-1},
booktitle={Algorithms — ESA '96},
volume=1136,
series={Lecture Notes in Computer Science},
editor={Diaz, Josep and Serna, Maria},
doi={10.1007/3-540-61680-2_79},
title={Planar spanners and approximate shortest path queries among obstacles in the plane},
url={http://dx.doi.org/10.1007/3-540-61680-2_79},
publisher={Springer Berlin Heidelberg},
author={Arikati, Srinivasa and Chen, Danny Z. and Chew, L. Paul and Das, Gautam
	and Smid, Michiel and Zaroliagis, Christos D},
pages={514-528}
}

@article{Chew1989,
 author = {Chew, L. P.},
 title = {There are planar graphs almost as good as the complete graph},
 journal = {J. Comput. Syst. Sci.},
 issue_date = {Oct. 1989},
 volume = {39},
 number = {2},
 month = oct,
 year = {1989},
 issn = {0022-0000},
 pages = {205--219},
 numpages = {15},
 url = {http://dx.doi.org/10.1016/0022-0000(89)90044-5},
 doi = {10.1016/0022-0000(89)90044-5},
 acmid = {70341},
 publisher = {Academic Press, Inc.},
 address = {Orlando, FL, USA}
}

@phdthesis{Cai1992,
 author = {Cai, Leizhen},
 title = {Tree spanners: spanning trees that approximate distances},
 school = {University of Toronto},
 year = {1992},
 note = {UMI Order No. GAXNN-73862},
 publisher = {University of Toronto},
 address = {Toronto, Ont., Canada},
 timestamp = {2013.10.09}
}

@article{AlthoferDDJS1993,
 author = {Alth\"{o}fer, Ingo and Das, Gautam and Dobkin, David and Joseph, Deborah and Soares, Jos{\'e}},
 title = {On sparse spanners of weighted graphs},
 journal = {Discrete Comput. Geom.},
 issue_date = {1993},
 volume = {9},
 number = {1},
 month = jan,
 year = {1993},
 issn = {0179-5376},
 pages = {81--100},
 numpages = {20},
 url = {http://dx.doi.org/10.1007/BF02189308},
 doi = {10.1007/BF02189308},
 acmid = {156258},
 publisher = {Springer-Verlag New York, Inc.},
 address = {Secaucus, NJ, USA},
}

@article{Bondy1989,
 author = {Bondy, J. A.},
 title = {Trigraphs},
 journal = {Discrete Math.},
 issue_date = {1989},
 volume = {75},
 number = {1-3},
 month = sep,
 year = {1989},
 issn = {0012-365X},
 pages = {69--79},
 numpages = {11},
 url = {http://dx.doi.org/10.1016/0012-365X(89)90079-4},
 doi = {10.1016/0012-365X(89)90079-4},
 acmid = {67819},
 publisher = {Elsevier Science Publishers B. V.},
 address = {Amsterdam, The Netherlands, The Netherlands},
}

@article{CaiC1995,
 author = {Cai, Leizhen and Corneil, Derek G.},
 title = {Tree Spanners},
 journal = {SIAM J. Discret. Math.},
 issue_date = {Aug. 1995},
 volume = {8},
 number = {3},
 month = aug,
 year = {1995},
 issn = {0895-4801},
 pages = {359--387},
 numpages = {29},
 url = {http://dx.doi.org/10.1137/S0895480192237403},
 doi = {10.1137/S0895480192237403},
 acmid = {213245},
 publisher = {Society for Industrial and Applied Mathematics},
 address = {Philadelphia, PA, USA},
 keywords = {NP-complete, distance, graph algorithm, spanning tree, tree spanner},
}

@article{MadanlalVR1996,
title = "Tree 3-spanners on interval, permutation and regular bipartite graphs ",
journal = "Information Processing Letters ",
volume = "59",
number = "2",
pages = "97 - 102",
year = "1996",
note = "",
issn = "0020-0190",
doi = "http://dx.doi.org/10.1016/0020-0190(96)00078-6",
url = "http://www.sciencedirect.com/science/article/pii/0020019096000786",
author = "M.S. Madanlal and G. Venkatesan and C.Pandu Rangan",
keywords = "Tree <span style='font-style: italic'>t</span>-spanner",
keywords = "Interval graph",
keywords = "Permutation graph",
keywords = "Regular bipartite graph "
}

@article{FeketeK2001,
title = "Tree spanners in planar graphs ",
journal = "Discrete Applied Mathematics ",
volume = "108",
number = "1–2",
pages = "85 - 103",
year = "2001",
note = "<ce:title>Workshop on Graph Theoretic Concepts in Computer Science</ce:title> ",
issn = "0166-218X",
doi = "http://dx.doi.org/10.1016/S0166-218X(00)00226-2",
author = "Sándor P. Fekete and Jana Kremer",
keywords = "Graph spanners",
keywords = "Planar graphs",
keywords = "Distance in graphs "
}

@article{VenkatesanRMMR1997,
title = "Restrictions of Minimum Spanner Problems ",
journal = "Information and Computation ",
volume = "136",
number = "2",
pages = "143 - 164",
year = "1997",
note = "",
issn = "0890-5401",
doi = "http://dx.doi.org/10.1006/inco.1997.2641",
url = "http://www.sciencedirect.com/science/article/pii/S0890540197926419",
author = "G. Venkatesan and U. Rotics and M.S. Madanlal and J.A. Makowsky and C. Pandu Rangan"
}

@article{BrandstadtCD1999,
 author = {Brandst\"{a}dt, Andreas and Chepoi, Victor and Dragan, Feodor},
 title = {Distance approximating trees for chordal and dually chordal graphs},
 journal = {J. Algorithms},
 issue_date = {Jan. 1999},
 volume = {30},
 number = {1},
 month = jan,
 year = {1999},
 issn = {0196-6774},
 pages = {166--184},
 numpages = {19},
 url = {http://dx.doi.org/10.1006/jagm.1998.0962},
 doi = {10.1006/jagm.1998.0962},
 acmid = {308111},
 publisher = {Academic Press, Inc.},
 address = {Duluth, MN, USA},
}

@article{DraganFG2011,
 author = {Dragan, Feodor F. and Fomin, Fedor V. and Golovach, Petr A.},
 title = {Spanners in sparse graphs},
 journal = {J. Comput. Syst. Sci.},
 issue_date = {November, 2011},
 volume = 77,
 number = 6,
 month = nov,
 year = 2011,
 issn = {0022-0000},
 pages = {1108--1119},
 numpages = 12,
 url = {http://dx.doi.org/10.1016/j.jcss.2010.10.002},
 doi = {10.1016/j.jcss.2010.10.002},
 acmid = 2025580,
 publisher = {Academic Press, Inc.},
 address = {Orlando, FL, USA},
 keywords = {Apex-minor-free graphs, Distances, Graph algorithms, Parameterized complexity, Planar graphs, Spanners, Treewidth},
}

@article{FominFGL2011,
 author = {Fomin, Fedor V. and Golovach, Petr A. and Van Leeuwen, Erik Jan},
 title = {Spanners of bounded degree graphs},
 journal = {Inf. Process. Lett.},
 issue_date = {January, 2011},
 volume = {111},
 number = {3},
 month = jan,
 year = {2011},
 issn = {0020-0190},
 pages = {142--144},
 numpages = {3},
 url = {http://dx.doi.org/10.1016/j.ipl.2010.10.021},
 doi = {10.1016/j.ipl.2010.10.021},
 acmid = {1920727},
 publisher = {Elsevier North-Holland, Inc.},
 address = {Amsterdam, The Netherlands, The Netherlands},
 keywords = {Fixed-parameter tractability, Graph algorithms, Graph spanners, NP-hardness},
}

@PHDTHESIS{Papoutsakis2013,
  author = {Ioannis E. Papoutsakis},
  title = {Tree Spanners of Simple Graphs},
  school = {University of Toronto},
  year = {2013}
}

@inproceedings{EmekP2004,
 author = {Emek, Yuval and Peleg, David},
 title = {Approximating Minimum Max-Stretch spanning Trees on unweighted graphs},
 booktitle = {Proceedings of the fifteenth annual ACM-SIAM symposium on Discrete algorithms},
 series = {SODA '04},
 year = {2004},
 isbn = {0-89871-558-X},
 location = {New Orleans, Louisiana},
 pages = {261--270},
 numpages = {10},
 url = {http://dl.acm.org/citation.cfm?id=982792.982829},
 acmid = {982829},
 publisher = {Society for Industrial and Applied Mathematics},
 address = {Philadelphia, PA, USA},
}

@article{LiebchenW2008,
 author = {Liebchen, Christian and W\"{u}nsch, Gregor},
 title = {The zoo of tree spanner problems},
 journal = {Discrete Appl. Math.},
 issue_date = {March, 2008},
 volume = {156},
 number = {5},
 month = mar,
 year = {2008},
 issn = {0166-218X},
 pages = {569--587},
 numpages = {19},
 url = {http://dx.doi.org/10.1016/j.dam.2007.07.001},
 doi = {10.1016/j.dam.2007.07.001},
 acmid = {1346648},
 publisher = {Elsevier Science Publishers B. V.},
 address = {Amsterdam, The Netherlands, The Netherlands},
 keywords = {Combinatorial optimization, Complexity, Fundamental cycle bases, Stretch factor, Tree spanner},
}

@inproceedings{Peleg2002,
 author = {Peleg, David},
 title = {Low Stretch Spanning Trees},
 booktitle = {Proceedings of the 27th International Symposium on Mathematical Foundations of Computer Science},
 series = {MFCS '02},
 year = {2002},
 isbn = {3-540-44040-2},
 pages = {68--80},
 numpages = {13},
 url = {http://dl.acm.org/citation.cfm?id=645731.668214},
 acmid = {668214},
 publisher = {Springer-Verlag},
 address = {London, UK, UK},
}

@article{DeoPK1982,
 author = {Deo, Narsingh and Prabhu, G. and Krishnamoorthy, M. S.},
 title = {Algorithms for Generating Fundamental Cycles in a Graph},
 journal = {ACM Trans. Math. Softw.},
 issue_date = {March 1982},
 volume = {8},
 number = {1},
 month = mar,
 year = {1982},
 issn = {0098-3500},
 pages = {26--42},
 numpages = {17},
 url = {http://doi.acm.org/10.1145/355984.355988},
 doi = {10.1145/355984.355988},
 acmid = {355988},
 publisher = {ACM},
 address = {New York, NY, USA},
} 

@article{WuCT2000,
 author = {Wu, Bang Ye and Chao, Kun-Mao and Tang, Chuan Yi},
 title = {Approximation algorithms for the shortest total path length spanning tree problem},
 journal = {Discrete Appl. Math.},
 issue_date = {Oct. 15, 2000},
 volume = {105},
 number = {1-3},
 month = oct,
 year = {2000},
 issn = {0166-218X},
 pages = {273--289},
 numpages = {17},
 url = {http://dx.doi.org/10.1016/S0166-218X(00)00185-2},
 doi = {10.1016/S0166-218X(00)00185-2},
 acmid = {354275},
 publisher = {Elsevier Science Publishers B. V.},
 address = {Amsterdam, The Netherlands, The Netherlands},
} 

@article{Cai1994,
title = "{NP}-completeness of minimum spanner problems ",
journal = "Discrete Applied Mathematics ",
volume = "48",
number = "2",
pages = "187 - 194",
year = "1994",
note = "",
issn = "0166-218X",
doi = "http://dx.doi.org/10.1016/0166-218X(94)90073-6",
url = "http://www.sciencedirect.com/science/article/pii/0166218X94900736",
author = "Leizhen Cai"
}

@ARTICLE{Kortsarz2001,
  author = {Kortsarz, G.},
  title = {On the Hardness of Approximating Spanners},
  journal = {Algorithmica},
  year = {2001},
  volume = {30},
  pages = {432-450},
  number = {3},
  doi = {10.1007/s00453-001-0021-y},
  issn = {0178-4617},
  keywords = {Key words. Graph spanners, Hardness of approximation.},
  language = {English},
  publisher = {Springer-Verlag},
}

@article{KortsarzP1994,
title = "Generating Sparse 2-Spanners ",
journal = "Journal of Algorithms ",
volume = "17",
number = "2",
pages = "222 - 236",
year = "1994",
note = "",
issn = "0196-6774",
doi = "http://dx.doi.org/10.1006/jagm.1994.1032",
url = "http://www.sciencedirect.com/science/article/pii/S0196677484710327",
author = "G. Kortsarz and D. Peleg"
}

@article{ElkinP2005,
title = "Approximating k-spanner problems for k>2",
journal = "Theoretical Computer Science ",
volume = "337",
number = "1 - 3",
pages = "249 - 277",
year = "2005",
note = "",
issn = "0304-3975",
doi = "http://dx.doi.org/10.1016/j.tcs.2004.11.022",
url = "http://www.sciencedirect.com/science/article/pii/S0304397505000575",
author = "Michael Elkin and David Peleg",
keywords = "Graph algorithms",
keywords = "Approximation algorithms",
keywords = "Spanners "
}

@article {CaiK1994,
author = {Cai, Leizhen and Keil, Mark},
title = {Spanners in graphs of bounded degree},
journal = {Networks},
volume = {24},
number = {4},
publisher = {Wiley Subscription Services, Inc., A Wiley Company},
issn = {1097-0037},
url = {http://dx.doi.org/10.1002/net.3230240406},
doi = {10.1002/net.3230240406},
pages = {233--249},
year = {1994},
}

@article{DuckworthWZ2003,
 author = {Duckworth, William and Wormald, Nicholas C. and Zito, Michele},
 title = {A {PTAS} for the sparsest 2-spanner of 4-connected planar triangulations},
 journal = {J. of Discrete Algorithms},
 issue_date = {February 2003},
 volume = 1,
 number = 1,
 month = feb,
 year = 2003,
 issn = {1570-8667},
 pages = {67--76},
 numpages = 10,
 url = {http://dx.doi.org/10.1016/S1570-8667(03)00007-8},
 doi = {10.1016/S1570-8667(03)00007-8},
 acmid = 947603,
 publisher = {Elsevier Science Publishers B. V.},
 address = {Amsterdam, The Netherlands, The Netherlands},
 keywords = {2-spanner, 4-connected, planar, polynomial time approximation scheme, triangulation},
} 

@incollection{BrandesH1997,
year={1997},
isbn={978-3-540-63757-8},
booktitle={Graph-Theoretic Concepts in Computer Science},
volume={1335},
series={Lecture Notes in Computer Science},
editor={Möhring, RolfH.},
doi={10.1007/BFb0024490},
title={{NP}-completeness results for minimum planar spanners},
url={http://dx.doi.org/10.1007/BFb0024490},
publisher={Springer Berlin Heidelberg},
author={Brandes, Ulrik and Handke, Dagmar},
pages={85-99}
}

@ARTICLE{PelegS1989,
  author = {Peleg, David and Schäffer, Alejandro A.},
  title = {Graph spanners},
  journal = {Journal of Graph Theory},
  year = {1989},
  volume = {13},
  pages = {99--116},
  number = {1},
  doi = {10.1002/jgt.3190130114},
  issn = {1097-0118},
  publisher = {Wiley Subscription Services, Inc., A Wiley Company},
  url = {http://dx.doi.org/10.1002/jgt.3190130114}
}

@inproceedings{ChandraDNS1992,
 author = {Chandra, Barun and Das, Gautam and Narasimhan, Giri and Soares, Jos{\'e}},
 title = {New sparseness results on graph spanners},
 booktitle = {Proceedings of the Eighth Annual Symposium on Computational Geometry},
 series = {SCG '92},
 year = {1992},
 isbn = {0-89791-517-8},
 location = {Berlin, Germany},
 pages = {192--201},
 numpages = {10},
 url = {http://doi.acm.org/10.1145/142675.142717},
 doi = {10.1145/142675.142717},
 acmid = {142717},
 publisher = {ACM},
 address = {New York, NY, USA},
} 

@article{BaswanaKMP2010,
 author = {Baswana, Surender and Kavitha, Telikepalli and Mehlhorn, Kurt and Pettie, Seth},
 title = {Additive spanners and ($\alpha$, $\beta$)-spanners},
 journal = {ACM Trans. Algorithms},
 issue_date = {November 2010},
 volume = {7},
 number = {1},
 month = dec,
 year = {2010},
 issn = {1549-6325},
 pages = {5:1--5:26},
 articleno = {5},
 numpages = {26},
 url = {http://doi.acm.org/10.1145/1868237.1868242},
 doi = {10.1145/1868237.1868242},
 acmid = {1868242},
 publisher = {ACM},
 address = {New York, NY, USA},
 keywords = {Spanner, metric embedding},
} 

@article{DuckworthZ2000,
title = "Sparse Hypercube 3-spanners ",
journal = "Discrete Applied Mathematics ",
volume = "103",
number = "1–3",
pages = "289 - 295",
year = "2000",
note = "",
issn = "0166-218X",
doi = "http://dx.doi.org/10.1016/S0166-218X(99)00246-2",
url = "http://www.sciencedirect.com/science/article/pii/S0166218X99002462",
author = "W. Duckworth and M. Zito",
keywords = "Hypercube",
keywords = "Spanner",
keywords = "Cartesian product",
keywords = "Dominating set "
}

@article{DraganFG2011b,
 author = {Dragan, Feodor F. and Fomin, Fedor V. and Golovach, Petr A.},
 title = {Approximation of minimum weight spanners for sparse graphs},
 journal = {Theor. Comput. Sci.},
 issue_date = {March, 2011},
 volume = {412},
 number = {8-10},
 month = mar,
 year = {2011},
 issn = {0304-3975},
 pages = {846--852},
 numpages = {7},
 url = {http://dx.doi.org/10.1016/j.tcs.2010.11.034},
 doi = {10.1016/j.tcs.2010.11.034},
 acmid = {1930803},
 publisher = {Elsevier Science Publishers Ltd.},
 address = {Essex, UK},
 keywords = {Approximation, Graph algorithms, Graph spanners},
} 

@ARTICLE{CaiK1993,
  author = {Leizhen Cai and J. Mark Keil},
  title = {Degree-Bounded Spanners},
  journal = {Parallel Processing Letters},
  year = {1993},
  volume = {3},
  pages = {457-468},
  bibsource = {DBLP, http://dblp.uni-trier.de},
  ee = {http://dx.doi.org/10.1142/S0129626493000484},
  timestamp = {2013.10.16}
}

@article{ElkinP2007,
 author = {Elkin, Michael and Peleg, David},
 title = {The Hardness of Approximating Spanner Problems},
 journal = {Theor. Comp. Sys.},
 issue_date = {December 2007},
 volume = {41},
 number = {4},
 month = dec,
 year = {2007},
 issn = {1432-4350},
 pages = {691--729},
 numpages = {39},
 url = {http://dx.doi.org/10.1007/s00224-006-1266-2},
 doi = {10.1007/s00224-006-1266-2},
 acmid = {1326300},
 publisher = {Springer-Verlag New York, Inc.},
 address = {Secaucus, NJ, USA},
}

@MISC{Niedermeier2002,
    author = {Rolf Niedermeier},
    title = {Invitation to Fixed-Parameter Algorithms},
    year = {2002}
}

@book{FlumG2006,
 author = {Flum, J. and Grohe, M.},
 title = {Parameterized Complexity Theory (Texts in Theoretical Computer Science. An EATCS Series)},
 year = {2006},
 isbn = {3540299521},
 publisher = {Springer-Verlag New York, Inc.},
 address = {Secaucus, NJ, USA},
} 

@article{BrandstadtDLL2004,
 author = {Brandst\"{a}dt, Andreas and Dragan, Feodor F. and Le, Ho\`{a}ng-Oanh and Le, Van Bang},
 title = {Tree spanners on chordal graphs: complexity and algorithms},
 journal = {Theor. Comput. Sci.},
 issue_date = {01 January 2004},
 volume = {310},
 number = {1-3},
 month = jan,
 year = {2004},
 issn = {0304-3975},
 pages = {329--354},
 numpages = {26},
 url = {http://dx.doi.org/10.1016/S0304-3975(03)00424-9},
 doi = {10.1016/S0304-3975(03)00424-9},
 acmid = {967718},
 publisher = {Elsevier Science Publishers Ltd.},
 address = {Essex, UK},
 keywords = {NP-completeness, chordal graphs, distance, efficient graph algorithms, spanners, spanning trees, tree spanners},
} 

@article{BrandstadtDLLU2007,
 author = {Brandstadt, Andreas and Dragan, Feodor F. and Le, Hoang-Oanh and Le, Van Bang and Uehara, Ryuhei},
 title = {Tree Spanners for Bipartite Graphs and Probe Interval Graphs},
 journal = {Algorithmica},
 issue_date = {January 2007},
 volume = {47},
 number = {1},
 month = jan,
 year = {2007},
 issn = {0178-4617},
 pages = {27--51},
 numpages = {25},
 url = {http://dx.doi.org/10.1007/s00453-006-1209-y},
 doi = {10.1007/s00453-006-1209-y},
 acmid = {1229779},
 publisher = {Springer-Verlag New York, Inc.},
 address = {Secaucus, NJ, USA},
}







@Unpublished{BragaA2013,
  author = 	 {Braga, Hugo and Assis, F.},
  title = 	 {Algorithms for the Directed k-Spanner with Minimum Degree Steiner Tree Problem},
  note = 	 {submetido},
  OPTkey = 	 {},
  OPTmonth = 	 {},
  year = 	 {2013}
}

@article{BandeltD1986,
title = "Reconstructing the shape of a tree from observed dissimilarity data ",
journal = "Advances in Applied Mathematics",
volume = "7",
number = "3",
pages = "309 - 343",
year = "1986",
note = "",
issn = "0196-8858",
doi = "http://dx.doi.org/10.1016/0196-8858(86)90038-2",
url = "http://www.sciencedirect.com/science/article/pii/0196885886900382",
author = "Hans-Jürgen Bandelt and Andreas Dress"
}

@article{RabinovichR1998,
year={1998},
issn={0179-5376},
journal={Discrete & Computational Geometry},
volume={19},
number={1},
doi={10.1007/PL00009336},
title={Lower Bounds on the Distortion of Embedding Finite Metric Spaces in Graphs},
url={http://dx.doi.org/10.1007/PL00009336},
publisher={Springer-Verlag},
author={Rabinovich, Y. and Raz, R.},
pages={79-94}
}

@incollection{SigurdZ2004,
year={2004},
isbn={978-3-540-23025-0},
booktitle={Algorithms – ESA 2004},
volume={3221},
series={Lecture Notes in Computer Science},
editor={Albers, Susanne and Radzik, Tomasz},
doi={10.1007/978-3-540-30140-0_70},
title={Construction of Minimum-Weight Spanners},
url={http://dx.doi.org/10.1007/978-3-540-30140-0_70},
publisher={Springer Berlin Heidelberg},
author={Sigurd, Mikkel and Zachariasen, Martin},
pages={797-808}
}

@techreport{PelegT2001,
 author = {Peleg, D. and Tendler, D.},
 title = {Low Stretch Spanning Trees for Planar Graphs,},
 year = {2001},
 publisher = {Weizmann Science Press of Israel},
 address = {Jerusalem, Israel, Israel},
 institution = {The Weizmann Institute of Science}
}

@article{EmekP2008,
author = {Emek, Y. and Peleg, D.},
title = {Approximating Minimum Max-Stretch Spanning Trees on Unweighted Graphs},
journal = {SIAM Journal on Computing},
volume = {38},
number = {5},
pages = {1761-1781},
year = {2008},
doi = {10.1137/060666202},
}

@article{KhullerRY1995,
year={1995},
issn={0178-4617},
journal={Algorithmica},
volume={14},
number={4},
doi={10.1007/BF01294129},
title={Balancing minimum spanning trees and shortest-path trees},
url={http://dx.doi.org/10.1007/BF01294129},
publisher={Springer-Verlag},
keywords={Minimum spanning trees; Graph algorithms; Parallel algorithms; Shortest paths},
author={Khuller, S. and Raghavachari, B. and Young, N.},
pages={305-321}
}

@inproceedings{DinitzK2011,
 author = {Dinitz, Michael and Krauthgamer, Robert},
 title = {Directed Spanners via Flow-based Linear Programs},
 booktitle = {Proceedings of the Forty-third Annual ACM Symposium on Theory of Computing},
 series = {STOC '11},
 year = {2011},
 isbn = {978-1-4503-0691-1},
 location = {San Jose, California, USA},
 pages = {323--332},
 numpages = {10},
 url = {http://doi.acm.org/10.1145/1993636.1993680},
 doi = {10.1145/1993636.1993680},
 acmid = {1993680},
 publisher = {ACM},
 address = {New York, NY, USA},
 keywords = {approximation algorithms, linear programming, spanners},
} 

@INPROCEEDINGS{DinitzK2011b,
    author = {Michael Dinitz and Robert Krauthgamer},
    title = {Fault-tolerant spanners: Better and simpler},
    booktitle = {In PODC},
    year = {2011}
}

@article{KortsarzP1998,
author = {Kortsarz, G. and Peleg, D.},
title = {Generating Low-Degree 2-Spanners},
journal = {SIAM Journal on Computing},
volume = {27},
number = {5},
pages = {1438-1456},
year = {1998},
doi = {10.1137/S0097539794268753},
URL = {http://dx.doi.org/10.1137/S0097539794268753},
eprint = {http://dx.doi.org/10.1137/S0097539794268753}
}

@article{BermanBMRY2013,
title = "Approximation algorithms for spanner problems and Directed Steiner Forest ",
journal = "Information and Computation ",
volume = "222",
number = "0",
pages = "93 - 107",
year = "2013",
note = "38th International Colloquium on Automata, Languages and Programming (ICALP 2011) ",
issn = "0890-5401",
doi = "http://dx.doi.org/10.1016/j.ic.2012.10.007",
url = "http://www.sciencedirect.com/science/article/pii/S0890540112001484",
author = "Piotr Berman and Arnab Bhattacharyya and Konstantin Makarychev and Sofya Raskhodnikova and Grigory Yaroslavtsev"
}

@article{BermanBGRWY2014,
year={2014},
issn={0209-9683},
journal={Combinatorica},
volume={34},
number={3},
doi={10.1007/s00493-014-2833-9},
title={Steiner transitive-closure spanners of low-dimensional posets},
url={http://dx.doi.org/10.1007/s00493-014-2833-9},
publisher={Springer Berlin Heidelberg},
keywords={6BR10},
author={Berman, Piotr and Bhattacharyya, Arnab and Grigorescu, Elena and Raskhodnikova, Sofya and Woodruff, David P. and Yaroslavtsev, Grigory},
pages={255-277}
}

@inproceedings{BermanRR2010,
  author = {Berman, Piotr and Raskhodnikova, Sofya and Ruan, Ge},
  bibsource = {DBLP, http://dblp.uni-trier.de},
  booktitle = {FSTTCS},
  doi = {10.4230/LIPIcs.FSTTCS.2010.424},
  editor = {Lodaya, Kamal and Mahajan, Meena},
  isbn = {978-3-939897-23-1},
  keywords = {imported spanner},
  pages = {424-435},
  publisher = {Schloss Dagstuhl - Leibniz-Zentrum fuer Informatik},
  series = {LIPIcs},
  title = {Finding Sparser Directed Spanners},
  volume = 8,
  year = 2010
}

@article{ChlamtacDK2012,
  author    = {Eden Chlamtac and
               Michael Dinitz and
               Robert Krauthgamer},
  title     = {Everywhere-Sparse Spanners via Dense Subgraphs},
  journal   = {CoRR},
  volume    = {abs/1205.0144},
  year      = {2012},
  url       = {http://arxiv.org/abs/1205.0144},
  timestamp = {Wed, 10 Oct 2012 21:28:51 +0200},
  biburl    = {http://dblp.uni-trier.de/rec/bib/journals/corr/abs-1205-0144},
  bibsource = {dblp computer science bibliography, http://dblp.org}
}

@book{KorteV2012,
 author = {Korte, Bernhard and Vygen, Jens},
 title = {Combinatorial Optimization: Theory and Algorithms},
 year = {2012},
 isbn = {978-3-642-24487-2, 978-3-642-42767-1},
 edition = {5th},
 publisher = {Springer-Verlag Berlin Heidelberg},
}

@Misc{Lemon2016,
author = {Egerv{\'a}ry Research Group on Combinatorial Optimization (EGRES)},
title = {Lemon},
howpublished = {Website},
year = {2016},
note = {url = {https://lemon.cs.elte.hu/trac/lemon}}
}

@article{GoldbergT1988,
 author = {Goldberg, Andrew V. and Tarjan, Robert E.},
 title = {A New Approach to the Maximum-flow Problem},
 journal = {J. ACM},
 issue_date = {Oct. 1988},
 volume = {35},
 number = {4},
 month = oct,
 year = {1988},
 issn = {0004-5411},
 pages = {921--940},
 numpages = {20},
 url = {http://doi.acm.org/10.1145/48014.61051},
 doi = {10.1145/48014.61051},
 acmid = {61051},
 publisher = {ACM},
 address = {New York, NY, USA},
}

@article{KonemannR2002,
author = {J. Könemann and R. Ravi},
title = {A Matter of Degree: Improved Approximation Algorithms for Degree-Bounded Minimum Spanning Trees},
journal = {SIAM Journal on Computing},
volume = {31},
number = {6},
pages = {1783-1793},
year = {2002},
doi = {10.1137/S009753970036917X},
}

@book{Wolsey1998,
  title={Integer Programming},
  author={Wolsey, L.A.},
  isbn={9780471283669},
  lccn={98007296},
  series={Wiley Series in Discrete Mathematics and Optimization},
  url={https://books.google.com.br/books?id=x7RvQgAACAAJ},
  year={1998},
  publisher={Wiley}
}

@techreport{Fischer1993,
     title = {Optimizing the Degree of Minimum Weight Spanning Trees},
     author = {Ted Fischer},
     year = {1993},
     institution = {Cornell University},
     Date-Added = {1993-04}
}

@article{FurerR1994,
title = "Approximating the Minimum-Degree Steiner Tree to within One of Optimal",
journal = "Journal of Algorithms",
volume = "17",
number = "3",
pages = "409 - 423",
year = "1994",
issn = "0196-6774",
doi = "http://dx.doi.org/10.1006/jagm.1994.1042",
author = "M. Furer and B. Raghavachari",
}

@article{AbrahamBN2015,
author = {Ittai Abraham and Yair Bartal and Ofer Neiman},
title = {Embedding Metrics into Ultrametrics and Graphs into Spanning Trees with Constant Average Distortion},
journal = {SIAM Journal on Computing},
volume = {44},
number = {1},
pages = {160-192},
year = {2015}
}

@inproceedings{BartalFN2016,
 author = {Bartal, Yair and Filtser, Arnold and Neiman, Ofer},
 title = {On Notions of Distortion and an Almost Minimum Spanning Tree with Constant Average Distortion},
 booktitle = {Proceedings of the Twenty-Seventh Annual ACM-SIAM Symposium on Discrete Algorithms},
 series = {SODA '16},
 year = {2016},
 isbn = {978-1-611974-33-1},
 location = {Arlington, Virginia},
 pages = {873--882},
 numpages = {10},
 url = {http://dl.acm.org/citation.cfm?id=2884435.2884497},
 acmid = {2884497},
 publisher = {Society for Industrial and Applied Mathematics},
 address = {Philadelphia, PA, USA},
} 

@Inbook{ElkinNS2014,
author="Elkin, Michael
and Neiman, Ofer
and Solomon, Shay",
editor="Esparza, Javier
and Fraigniaud, Pierre
and Husfeldt, Thore
and Koutsoupias, Elias",
title="Light Spanners",
bookTitle="Automata, Languages, and Programming: 41st International Colloquium, ICALP 2014, Copenhagen, Denmark, July 8-11, 2014, Proceedings, Part I",
year="2014",
publisher="Springer Berlin Heidelberg",
address="Berlin, Heidelberg",
pages="442--452",
isbn="978-3-662-43948-7"
}

@incollection{DantzigF1956,
 author = {Dantzig, G.B. and Fulkerson, D.R},
 title = {On the max-flow min-cut theorem of networks},
 booktitle = {Linear Inequalities and Related Systems},
 publisher = {Princeton University Press},
 year = {1956},
 editor = {H. W. Kuhn and A. W. Tucker},
 pages = {215-221},
}