% !TEX encoding = UTF-8 Unicode
@article{GMCR07,
    author  = "Sérgio Gorender and Raimundo Macêdo and Michel Raynal",
    title   = "An Adaptative Programming Model for Fault-Tolerant Distributed Computing",
    year    = "2007",
    journal = "In IEEE Transactions on Dependable and Secure Computing",
    volume  = "4",
    number  = "1",
    pages   = "18-31"
}

@article{ACH96,
    author  = " Cristina Aurrecoechea and Andrew T. Campbell and Linda Hauw",
    title   = "A Survey of QoS Architectures",
    year    = "1996",
    journal = "In IEEE Transactions on Dependable and Secure Computing",
    volume  = "4",
    number  = "1",
    pages   = "18-31"
}

@Book{WANG01,
author = {Z. Wang},
editor = {Morgan Kaufmann},
title = {Internet QoS: Architecture and Mechanisms for Quality of Service},
publisher = {Morgan Kaufmann},
year = {2001},
edition = {1ª}
}


@article{XINI99,
    author  = " X. Xiao and L. Ni",
    title   = "Internet QoS: A Big Picture",
    year    = "1999",
    journal = "In IEEE Network",
    volume  = "13",
    number  = "2",
    pages   = "8-18"
}

@InProceedings{KFF03,
author = {J. Kleithy and R. Frisby and M. O. Roghlú},
title = {An initial investigation into QoS provisioning},
booktitle = {Proceedings of Irish Telecommunications Systems Research Symposium (ITSRS)},
year = {2003},
month = {October},
address = {Dublin, Ireland}
}

@techreport{BBCDWW98,
    author  		= " S. Blake and D. Black and M. Carlson and E. Davies and Z. Wang and W. Weiss",
    title   		= "An Architecture for Differentiated Services",
    year    		= "1998",
    institution	= "IETF",
    number  = "2475",
    type				= "RFC",
    note				= "RFC 2475"
}



@techreport{CFSD90,
    author  		= " J. Case and M. Fedor and M. Schoffstall and J. Davin",
    title   		= "A Simple Network Management Protocol (SNMP)",
    year    		= "1990",
    institution	= "IETF",
    number  = "1157",
    type				= "RFC",
    note				= "RFC 1157"
}

@article{JTK00,
    author  = " Y. Jiang and C. Tham and C. Ko",
    title   = "Challenges and approaches in providing QoS Monitoring",
    year    = "2000",
    journal = "International Journal of Network Management",
    volume  = "10",
    number  = "6",
    pages   = "323-334"
}

@InProceedings{ATIPPEB02,
    author  			= "A. Asgari and P. Trimintzios and M. Irons and M. Pavlou and G. Pavlou and R. Egan and S. Berghe",
    title   			= "A Scalable Real-time Monitoring System for Supporting Traffic Engineering",
    booktitle 			= "Workshop on IP Operations and Management",
    year    			= "2002",
    organization		= "IEEE",
    pages   			= "202-207"
}

@techreport{GODERIS01,
    author  		= " D. Goderis",
    title   		= "Service Level Specification Semantics, Parameters and Negotiation Requirements",
    year    		= "2001",
    institution	= "IEEE",
    note				= "IEEE Internet Draft: draft-tequila-sls-01.txt",
    type				= "draft"
}

@phdthesis{GORENDER05,
    author	= "Sérgio Gorender",
    title		= "Um Modelo Híbrido e Adaptativo para Sistemas Distribuídos Tolerantes a Falhas",
    school	= "Universidade Federal de Pernambuco",
    month		= "Março",    
    year		= "2005"
}

@book{STALL96,
    author  		= " W. Stallings",
    title   		= "SNMP, SNMPv2 and RMON: Practical Network Management",
    edition			= "2ª",
    year    		= "1996",
    publisher		= "Addison-Wesley"
}

@book{VERGO01,
	author			= "P. Veríssimo and L. Rodrigues",
	title			= "Distributed Systems for Architectures",
	edition			= "1ª",
	year			= "2001",
	publisher		= "Kluwer Academic Publishers"
}

@book{COLDOKIN07,
	author			= "G. Coulouris and J. Dollimore and Tim Kindberg",
	title			= "Sistemas Distribuídos. Conceitos e Projeto",
	edition			= "4ª",
	year			= "2007",
	publisher		= "Pearson Education Limited"
}

@InProceedings{KLEE03,
author = {C. M. Krishna and Y.H. Lee},
title = {Special Issue on Real-Time Systems},
booktitle = {Proceedings of the IEEE},
pages = {983-985},
volume = {91},
organization = {IEEE}
}

@InProceedings{GEBOSHIN03,
author = {M. A. El-Gendy and A. Bose and K. G. Shin},
title = {Evolution of the Internet QoS and Support for Soft Real-Time Applications},
booktitle = {Proceedings of the IEEE},
pages = {983-985},
volume = {91},
year = {2003}
}

@InProceedings{YOBA97,
author = {V. Yodaiken and M. Barabanov},
title = {A Real-Time Linux},
booktitle = {Proceedings of the Linux Applications Development and Deployment Conference (USELINUX)},
year = {1997},
month = {Janeiro},
address = {Anaheim, CA},
note = {The USENIX Association}
}

@techReport{GERUM04,
author = {P. Gerum},
title = {Xenomai - Implementing a RTOS emulation framework on GNU/Linux},
institution = {Xenomai},
year = {2004},
address = {http://www.xenomai.org}
}

@TechReport{MCKENNEY05,
author = {P. McKenney},
title = {A realtime preemption overview},
institution = {},
year = {2005},
address = {http://rt.wiki.kernel.org},
note = {Data de acesso: 2008}
}

@TechReport{XENO_API06,
author = {Xenomai},
title = {A Tour of the Native API},
institution = {Xenomai},
year = {2006},
address = {http://www.xenomai.org},
note = {Data de acesso: 2008}
}

@TechReport{ADEOS01,
author = {K. Yaghmour},
title = {Adaptive Domain Environment for Operating Systems},
institution = {Xenomai},
year = {2001},
address = {http://www.xenomai.org}
}

@Misc{XENOMAI08,
title = {Xenomai},
note = {http://www.xenomai.org. Data de acesso: 2008}
}

@Misc{RTAI08,
title = {RTAI},
note = {http://www.rtai.org. Data de acesso: 2008}
}

@TechReport{KALINSKY03,
author = {D. Kalinsky},
title = {Basic concepts of real-time operating systems},
institution = {D. Kalinsky Associates},
year = {2007},
address = {http://www.kalinskyassociates.com},
note = {White Paper. Data de acesso: 2008}
}

@article{KWZB05,
    author  = " J. Kiszka and B. Wagner and Y. Zhang and J. Broenink",
    title   = "RTNet - A Flexible Hard Real-Time Networking Framework",
    year    = "2005",
    journal = "In 10th IEEE Conference on Emerging Technologies and Factory Automation",
    volume  = "1",
}

@book{UML99,
	author			= "G. Boock and J. Rumbaugh and I. Jacobson",
	title			= "The Unified Modeling Language User Guide",
	year			= "1999",
	publisher		= "Addison-Wesley"
}

@book{GAHEJOVLI97,
	author			= "E. Gamma and R. Helm and R. Johnson and J. Vlissides",
	title			= "Design Patterns: Elements of Reusable Object-Oriented Software",
	year			= "1995",
	publisher		= "Addison-Wesley"
}

@book{BLAHUM06,
	author			= "M. Blaha and J. Rumbaugh",
	title			= "Modelagem e Projetos Baseados em Objetos com UML 2",
	edition			= "1ª",
	year			= "2006",
	publisher		= "Addison-Wesley"
}

@techreport{BCS02,
    author  		= "F. Baker and K. Chan and A. Smith",
    title   		= "Management Information Base for the Differentiated Services Architecture",
    year    		= "2002",
    institution		= "IETF",
    number  		= "3289",
    type			= "RFC",
    note			= "RFC 3289"
}

@Misc{MIBCISCO08,
author	= {Cisco Systems, Inc.},
title	= {CISCO-CLASS-BASED-QOS-MIB},
year	= {2002},
note	= {http://www.cisco.com. Data de acesso: 2008}
}

@Misc{DYNAGEN08,
title	= {Dynagen},
note	= {http://dynagen.org. Data de acesso: 2008}
}